%YAML 1.1
%TAG !u! tag:unity3d.com,2011:
--- !u!29 &1
OcclusionCullingSettings:
  m_ObjectHideFlags: 0
  serializedVersion: 2
  m_OcclusionBakeSettings:
    smallestOccluder: 5
    smallestHole: 0.25
    backfaceThreshold: 100
  m_SceneGUID: 00000000000000000000000000000000
  m_OcclusionCullingData: {fileID: 0}
--- !u!104 &2
RenderSettings:
  m_ObjectHideFlags: 0
  serializedVersion: 8
  m_Fog: 1
  m_FogColor: {r: 0.15631339, g: 0.31547922, b: 0.33088237, a: 1}
  m_FogMode: 1
  m_FogDensity: 0.003
  m_LinearFogStart: 1
  m_LinearFogEnd: 500
  m_AmbientSkyColor: {r: 0.212, g: 0.227, b: 0.259, a: 1}
  m_AmbientEquatorColor: {r: 0.114, g: 0.125, b: 0.133, a: 1}
  m_AmbientGroundColor: {r: 0.047, g: 0.043, b: 0.035, a: 1}
  m_AmbientIntensity: 4.95
  m_AmbientMode: 0
  m_SubtractiveShadowColor: {r: 0.42, g: 0.478, b: 0.627, a: 1}
  m_SkyboxMaterial: {fileID: 2100000, guid: a85a6dcaf1ad6fc48bc29ec54f157e30, type: 2}
  m_HaloStrength: 0.363
  m_FlareStrength: 1
  m_FlareFadeSpeed: 2.16
  m_HaloTexture: {fileID: 0}
  m_SpotCookie: {fileID: 10001, guid: 0000000000000000e000000000000000, type: 0}
  m_DefaultReflectionMode: 0
  m_DefaultReflectionResolution: 128
  m_ReflectionBounces: 1
  m_ReflectionIntensity: 1
  m_CustomReflection: {fileID: 0}
  m_Sun: {fileID: 0}
  m_IndirectSpecularColor: {r: 0.17370805, g: 0.22016624, b: 0.17011073, a: 1}
--- !u!157 &3
LightmapSettings:
  m_ObjectHideFlags: 0
  serializedVersion: 11
  m_GIWorkflowMode: 1
  m_GISettings:
    serializedVersion: 2
    m_BounceScale: 1
    m_IndirectOutputScale: 1
    m_AlbedoBoost: 1
    m_TemporalCoherenceThreshold: 1
    m_EnvironmentLightingMode: 0
    m_EnableBakedLightmaps: 1
    m_EnableRealtimeLightmaps: 1
  m_LightmapEditorSettings:
    serializedVersion: 9
    m_Resolution: 2
    m_BakeResolution: 40
    m_TextureWidth: 1024
    m_TextureHeight: 1024
    m_AO: 0
    m_AOMaxDistance: 1
    m_CompAOExponent: 1
    m_CompAOExponentDirect: 0
    m_Padding: 2
    m_LightmapParameters: {fileID: 0}
    m_LightmapsBakeMode: 1
    m_TextureCompression: 1
    m_FinalGather: 0
    m_FinalGatherFiltering: 1
    m_FinalGatherRayCount: 256
    m_ReflectionCompression: 2
    m_MixedBakeMode: 2
    m_BakeBackend: 0
    m_PVRSampling: 1
    m_PVRDirectSampleCount: 32
    m_PVRSampleCount: 500
    m_PVRBounces: 2
    m_PVRFilterTypeDirect: 0
    m_PVRFilterTypeIndirect: 0
    m_PVRFilterTypeAO: 0
    m_PVRFilteringMode: 1
    m_PVRCulling: 1
    m_PVRFilteringGaussRadiusDirect: 1
    m_PVRFilteringGaussRadiusIndirect: 5
    m_PVRFilteringGaussRadiusAO: 2
    m_PVRFilteringAtrousPositionSigmaDirect: 0.5
    m_PVRFilteringAtrousPositionSigmaIndirect: 2
    m_PVRFilteringAtrousPositionSigmaAO: 1
  m_LightingDataAsset: {fileID: 112000002, guid: 580ec75d8dc66e5409ef8e46482cd394,
    type: 2}
  m_UseShadowmask: 1
--- !u!196 &4
NavMeshSettings:
  serializedVersion: 2
  m_ObjectHideFlags: 0
  m_BuildSettings:
    serializedVersion: 2
    agentTypeID: 0
    agentRadius: 0.5
    agentHeight: 2
    agentSlope: 45
    agentClimb: 0.4
    ledgeDropHeight: 0
    maxJumpAcrossDistance: 0
    minRegionArea: 2
    manualCellSize: 0
    cellSize: 0.16666667
    manualTileSize: 0
    tileSize: 256
    accuratePlacement: 0
  m_NavMeshData: {fileID: 0}
--- !u!4 &87735771 stripped
Transform:
  m_PrefabParentObject: {fileID: 4040651647998346, guid: 648e4049d91ca1440824de5bea37d176,
    type: 2}
  m_PrefabInternal: {fileID: 1666846701}
--- !u!1001 &90131525
Prefab:
  m_ObjectHideFlags: 0
  serializedVersion: 2
  m_Modification:
    m_TransformParent: {fileID: 165616746}
    m_Modifications:
    - target: {fileID: 4990607877152018, guid: 6d7afa73fcb1fce4cb4b65361a29bcbd, type: 2}
      propertyPath: m_LocalPosition.x
      value: 150.26453
      objectReference: {fileID: 0}
    - target: {fileID: 4990607877152018, guid: 6d7afa73fcb1fce4cb4b65361a29bcbd, type: 2}
      propertyPath: m_LocalPosition.y
      value: -78.12793
      objectReference: {fileID: 0}
    - target: {fileID: 4990607877152018, guid: 6d7afa73fcb1fce4cb4b65361a29bcbd, type: 2}
      propertyPath: m_LocalPosition.z
      value: -158.43422
      objectReference: {fileID: 0}
    - target: {fileID: 4990607877152018, guid: 6d7afa73fcb1fce4cb4b65361a29bcbd, type: 2}
      propertyPath: m_LocalRotation.x
      value: -0.20544067
      objectReference: {fileID: 0}
    - target: {fileID: 4990607877152018, guid: 6d7afa73fcb1fce4cb4b65361a29bcbd, type: 2}
      propertyPath: m_LocalRotation.y
      value: 0.76057553
      objectReference: {fileID: 0}
    - target: {fileID: 4990607877152018, guid: 6d7afa73fcb1fce4cb4b65361a29bcbd, type: 2}
      propertyPath: m_LocalRotation.z
      value: 0.545121
      objectReference: {fileID: 0}
    - target: {fileID: 4990607877152018, guid: 6d7afa73fcb1fce4cb4b65361a29bcbd, type: 2}
      propertyPath: m_LocalRotation.w
      value: 0.2866394
      objectReference: {fileID: 0}
    - target: {fileID: 4990607877152018, guid: 6d7afa73fcb1fce4cb4b65361a29bcbd, type: 2}
      propertyPath: m_RootOrder
      value: 0
      objectReference: {fileID: 0}
    - target: {fileID: 4990607877152018, guid: 6d7afa73fcb1fce4cb4b65361a29bcbd, type: 2}
      propertyPath: m_LocalEulerAnglesHint.y
      value: 0.0000009362398
      objectReference: {fileID: 0}
    - target: {fileID: 4990607877152018, guid: 6d7afa73fcb1fce4cb4b65361a29bcbd, type: 2}
      propertyPath: m_LocalEulerAnglesHint.x
      value: 0.7599884
      objectReference: {fileID: 0}
    - target: {fileID: 4990607877152018, guid: 6d7afa73fcb1fce4cb4b65361a29bcbd, type: 2}
      propertyPath: m_LocalScale.z
      value: 20
      objectReference: {fileID: 0}
    - target: {fileID: 65651017678586340, guid: 6d7afa73fcb1fce4cb4b65361a29bcbd,
        type: 2}
      propertyPath: m_IsTrigger
      value: 0
      objectReference: {fileID: 0}
    - target: {fileID: 4990607877152018, guid: 6d7afa73fcb1fce4cb4b65361a29bcbd, type: 2}
      propertyPath: m_LocalEulerAnglesHint.z
      value: 0.000001462568
      objectReference: {fileID: 0}
    - target: {fileID: 4990607877152018, guid: 6d7afa73fcb1fce4cb4b65361a29bcbd, type: 2}
      propertyPath: m_LocalScale.x
      value: 20
      objectReference: {fileID: 0}
    - target: {fileID: 4990607877152018, guid: 6d7afa73fcb1fce4cb4b65361a29bcbd, type: 2}
      propertyPath: m_LocalScale.y
      value: 20
      objectReference: {fileID: 0}
    m_RemovedComponents: []
  m_ParentPrefab: {fileID: 100100000, guid: 6d7afa73fcb1fce4cb4b65361a29bcbd, type: 2}
  m_IsPrefabParent: 0
--- !u!4 &119216840 stripped
Transform:
  m_PrefabParentObject: {fileID: 4990607877152018, guid: 6d7afa73fcb1fce4cb4b65361a29bcbd,
    type: 2}
  m_PrefabInternal: {fileID: 2085405601}
--- !u!1 &165616743
GameObject:
  m_ObjectHideFlags: 0
  m_PrefabParentObject: {fileID: 0}
  m_PrefabInternal: {fileID: 0}
  serializedVersion: 5
  m_Component:
  - component: {fileID: 165616746}
  - component: {fileID: 165616745}
  - component: {fileID: 165616744}
  m_Layer: 0
  m_Name: Wave2
  m_TagString: Untagged
  m_Icon: {fileID: 0}
  m_NavMeshLayer: 0
  m_StaticEditorFlags: 0
  m_IsActive: 1
--- !u!95 &165616744
Animator:
  serializedVersion: 3
  m_ObjectHideFlags: 0
  m_PrefabParentObject: {fileID: 0}
  m_PrefabInternal: {fileID: 0}
  m_GameObject: {fileID: 165616743}
  m_Enabled: 1
  m_Avatar: {fileID: 0}
  m_Controller: {fileID: 0}
  m_CullingMode: 0
  m_UpdateMode: 0
  m_ApplyRootMotion: 1
  m_LinearVelocityBlending: 0
  m_WarningMessage: 
  m_HasTransformHierarchy: 1
  m_AllowConstantClipSamplingOptimization: 1
--- !u!320 &165616745
PlayableDirector:
  m_ObjectHideFlags: 0
  m_PrefabParentObject: {fileID: 0}
  m_PrefabInternal: {fileID: 0}
  m_GameObject: {fileID: 165616743}
  m_Enabled: 1
  serializedVersion: 3
  m_PlayableAsset: {fileID: 11400000, guid: 25713732a940d80498befa97ec6fd12b, type: 2}
  m_InitialState: 0
  m_WrapMode: 2
  m_DirectorUpdateMode: 1
  m_InitialTime: 0
  m_SceneBindings:
  - key: {fileID: 0}
    value: {fileID: 165616743}
  - key: {fileID: 114131410099880376, guid: 25713732a940d80498befa97ec6fd12b, type: 2}
    value: {fileID: 1885642167}
  - key: {fileID: 114806269817207682, guid: 25713732a940d80498befa97ec6fd12b, type: 2}
    value: {fileID: 254203250}
  - key: {fileID: 114408309080309880, guid: 25713732a940d80498befa97ec6fd12b, type: 2}
    value: {fileID: 1554583818}
  - key: {fileID: 114131742194817440, guid: 25713732a940d80498befa97ec6fd12b, type: 2}
    value: {fileID: 0}
  m_ExposedReferences:
    m_References: []
--- !u!4 &165616746
Transform:
  m_ObjectHideFlags: 0
  m_PrefabParentObject: {fileID: 0}
  m_PrefabInternal: {fileID: 0}
  m_GameObject: {fileID: 165616743}
  m_LocalRotation: {x: 0, y: 0, z: 0, w: 1}
  m_LocalPosition: {x: 68, y: 194, z: 116.1}
  m_LocalScale: {x: 1, y: 1, z: 1}
  m_Children:
  - {fileID: 1885642172}
  - {fileID: 254203255}
  - {fileID: 1554583823}
  m_Father: {fileID: 0}
  m_RootOrder: 13
  m_LocalEulerAnglesHint: {x: 0, y: 0, z: 0}
--- !u!1 &175346594 stripped
GameObject:
  m_PrefabParentObject: {fileID: 1074994750746910, guid: 6d7afa73fcb1fce4cb4b65361a29bcbd,
    type: 2}
  m_PrefabInternal: {fileID: 2085405601}
--- !u!114 &175346598
MonoBehaviour:
  m_ObjectHideFlags: 0
  m_PrefabParentObject: {fileID: 0}
  m_PrefabInternal: {fileID: 0}
  m_GameObject: {fileID: 175346594}
  m_Enabled: 1
  m_EditorHideFlags: 0
  m_Script: {fileID: 11500000, guid: 2d889208db09eca41aefcfb70b83f12d, type: 3}
  m_Name: 
  m_EditorClassIdentifier: 
  deathFX: {fileID: 1454121923635682, guid: 0b7437e59012b6340985b902378fa214, type: 2}
  parent: {fileID: 233051675}
  scorePerHit: 10
  hits: 3
--- !u!1 &233051674
GameObject:
  m_ObjectHideFlags: 0
  m_PrefabParentObject: {fileID: 0}
  m_PrefabInternal: {fileID: 0}
  serializedVersion: 5
  m_Component:
  - component: {fileID: 233051675}
  m_Layer: 0
  m_Name: Spawned At Runtime
  m_TagString: Untagged
  m_Icon: {fileID: 0}
  m_NavMeshLayer: 0
  m_StaticEditorFlags: 0
  m_IsActive: 1
--- !u!4 &233051675
Transform:
  m_ObjectHideFlags: 0
  m_PrefabParentObject: {fileID: 0}
  m_PrefabInternal: {fileID: 0}
  m_GameObject: {fileID: 233051674}
  m_LocalRotation: {x: 0, y: 0, z: 0, w: 1}
  m_LocalPosition: {x: -57.25396, y: 134.12964, z: 235.00085}
  m_LocalScale: {x: 1, y: 1, z: 1}
  m_Children: []
  m_Father: {fileID: 0}
  m_RootOrder: 8
  m_LocalEulerAnglesHint: {x: 0, y: 0, z: 0}
--- !u!1 &254203250 stripped
GameObject:
  m_PrefabParentObject: {fileID: 1074994750746910, guid: 6d7afa73fcb1fce4cb4b65361a29bcbd,
    type: 2}
  m_PrefabInternal: {fileID: 1749508990}
--- !u!114 &254203251
MonoBehaviour:
  m_ObjectHideFlags: 0
  m_PrefabParentObject: {fileID: 0}
  m_PrefabInternal: {fileID: 0}
  m_GameObject: {fileID: 254203250}
  m_Enabled: 1
  m_EditorHideFlags: 0
  m_Script: {fileID: 11500000, guid: 2d889208db09eca41aefcfb70b83f12d, type: 3}
  m_Name: 
  m_EditorClassIdentifier: 
  deathFX: {fileID: 1454121923635682, guid: 0b7437e59012b6340985b902378fa214, type: 2}
  parent: {fileID: 233051675}
  scorePerHit: 5
  hits: 3
--- !u!95 &254203252
Animator:
  serializedVersion: 3
  m_ObjectHideFlags: 0
  m_PrefabParentObject: {fileID: 0}
  m_PrefabInternal: {fileID: 0}
  m_GameObject: {fileID: 254203250}
  m_Enabled: 1
  m_Avatar: {fileID: 0}
  m_Controller: {fileID: 0}
  m_CullingMode: 0
  m_UpdateMode: 0
  m_ApplyRootMotion: 1
  m_LinearVelocityBlending: 0
  m_WarningMessage: 
  m_HasTransformHierarchy: 1
  m_AllowConstantClipSamplingOptimization: 1
--- !u!4 &254203255 stripped
Transform:
  m_PrefabParentObject: {fileID: 4990607877152018, guid: 6d7afa73fcb1fce4cb4b65361a29bcbd,
    type: 2}
  m_PrefabInternal: {fileID: 1749508990}
--- !u!1001 &261446341
Prefab:
  m_ObjectHideFlags: 0
  serializedVersion: 2
  m_Modification:
    m_TransformParent: {fileID: 0}
    m_Modifications:
    - target: {fileID: 4184769578823280, guid: c1d7617594256f348bfc1b732926f2d8, type: 2}
      propertyPath: m_LocalPosition.x
      value: 0
      objectReference: {fileID: 0}
    - target: {fileID: 4184769578823280, guid: c1d7617594256f348bfc1b732926f2d8, type: 2}
      propertyPath: m_LocalPosition.y
      value: 3
      objectReference: {fileID: 0}
    - target: {fileID: 4184769578823280, guid: c1d7617594256f348bfc1b732926f2d8, type: 2}
      propertyPath: m_LocalPosition.z
      value: 0
      objectReference: {fileID: 0}
    - target: {fileID: 4184769578823280, guid: c1d7617594256f348bfc1b732926f2d8, type: 2}
      propertyPath: m_LocalRotation.x
      value: 0.40821788
      objectReference: {fileID: 0}
    - target: {fileID: 4184769578823280, guid: c1d7617594256f348bfc1b732926f2d8, type: 2}
      propertyPath: m_LocalRotation.y
      value: -0.23456968
      objectReference: {fileID: 0}
    - target: {fileID: 4184769578823280, guid: c1d7617594256f348bfc1b732926f2d8, type: 2}
      propertyPath: m_LocalRotation.z
      value: 0.10938163
      objectReference: {fileID: 0}
    - target: {fileID: 4184769578823280, guid: c1d7617594256f348bfc1b732926f2d8, type: 2}
      propertyPath: m_LocalRotation.w
      value: 0.8754261
      objectReference: {fileID: 0}
    - target: {fileID: 4184769578823280, guid: c1d7617594256f348bfc1b732926f2d8, type: 2}
      propertyPath: m_RootOrder
      value: 2
      objectReference: {fileID: 0}
    m_RemovedComponents: []
  m_ParentPrefab: {fileID: 100100000, guid: c1d7617594256f348bfc1b732926f2d8, type: 2}
  m_IsPrefabParent: 0
--- !u!1001 &303622009
Prefab:
  m_ObjectHideFlags: 0
  serializedVersion: 2
  m_Modification:
    m_TransformParent: {fileID: 165616746}
    m_Modifications:
    - target: {fileID: 4990607877152018, guid: 6d7afa73fcb1fce4cb4b65361a29bcbd, type: 2}
      propertyPath: m_LocalPosition.x
      value: -3
      objectReference: {fileID: 0}
    - target: {fileID: 4990607877152018, guid: 6d7afa73fcb1fce4cb4b65361a29bcbd, type: 2}
      propertyPath: m_LocalPosition.y
      value: 7.2
      objectReference: {fileID: 0}
    - target: {fileID: 4990607877152018, guid: 6d7afa73fcb1fce4cb4b65361a29bcbd, type: 2}
      propertyPath: m_LocalPosition.z
      value: 1.4
      objectReference: {fileID: 0}
    - target: {fileID: 4990607877152018, guid: 6d7afa73fcb1fce4cb4b65361a29bcbd, type: 2}
      propertyPath: m_LocalRotation.x
      value: -0.20544067
      objectReference: {fileID: 0}
    - target: {fileID: 4990607877152018, guid: 6d7afa73fcb1fce4cb4b65361a29bcbd, type: 2}
      propertyPath: m_LocalRotation.y
      value: 0.76057553
      objectReference: {fileID: 0}
    - target: {fileID: 4990607877152018, guid: 6d7afa73fcb1fce4cb4b65361a29bcbd, type: 2}
      propertyPath: m_LocalRotation.z
      value: 0.545121
      objectReference: {fileID: 0}
    - target: {fileID: 4990607877152018, guid: 6d7afa73fcb1fce4cb4b65361a29bcbd, type: 2}
      propertyPath: m_LocalRotation.w
      value: 0.2866394
      objectReference: {fileID: 0}
    - target: {fileID: 4990607877152018, guid: 6d7afa73fcb1fce4cb4b65361a29bcbd, type: 2}
      propertyPath: m_RootOrder
      value: 2
      objectReference: {fileID: 0}
    - target: {fileID: 4990607877152018, guid: 6d7afa73fcb1fce4cb4b65361a29bcbd, type: 2}
      propertyPath: m_LocalEulerAnglesHint.y
      value: 0.00000009616161
      objectReference: {fileID: 0}
    - target: {fileID: 4990607877152018, guid: 6d7afa73fcb1fce4cb4b65361a29bcbd, type: 2}
      propertyPath: m_LocalEulerAnglesHint.x
      value: 0.00000470218
      objectReference: {fileID: 0}
    - target: {fileID: 4990607877152018, guid: 6d7afa73fcb1fce4cb4b65361a29bcbd, type: 2}
      propertyPath: m_LocalScale.z
      value: 20.000023
      objectReference: {fileID: 0}
    - target: {fileID: 65651017678586340, guid: 6d7afa73fcb1fce4cb4b65361a29bcbd,
        type: 2}
      propertyPath: m_IsTrigger
      value: 0
      objectReference: {fileID: 0}
    - target: {fileID: 4990607877152018, guid: 6d7afa73fcb1fce4cb4b65361a29bcbd, type: 2}
      propertyPath: m_LocalEulerAnglesHint.z
      value: 0.000004000636
      objectReference: {fileID: 0}
    - target: {fileID: 4990607877152018, guid: 6d7afa73fcb1fce4cb4b65361a29bcbd, type: 2}
      propertyPath: m_LocalScale.x
      value: 20.00002
      objectReference: {fileID: 0}
    - target: {fileID: 4990607877152018, guid: 6d7afa73fcb1fce4cb4b65361a29bcbd, type: 2}
      propertyPath: m_LocalScale.y
      value: 20.000013
      objectReference: {fileID: 0}
    - target: {fileID: 1074994750746910, guid: 6d7afa73fcb1fce4cb4b65361a29bcbd, type: 2}
      propertyPath: m_Name
      value: Ship_03 (2)
      objectReference: {fileID: 0}
    m_RemovedComponents: []
  m_ParentPrefab: {fileID: 100100000, guid: 6d7afa73fcb1fce4cb4b65361a29bcbd, type: 2}
  m_IsPrefabParent: 0
--- !u!1 &367627479 stripped
GameObject:
  m_PrefabParentObject: {fileID: 1074994750746910, guid: 6d7afa73fcb1fce4cb4b65361a29bcbd,
    type: 2}
  m_PrefabInternal: {fileID: 1565537209}
--- !u!114 &367627483
MonoBehaviour:
  m_ObjectHideFlags: 0
  m_PrefabParentObject: {fileID: 0}
  m_PrefabInternal: {fileID: 0}
  m_GameObject: {fileID: 367627479}
  m_Enabled: 1
  m_EditorHideFlags: 0
  m_Script: {fileID: 11500000, guid: 2d889208db09eca41aefcfb70b83f12d, type: 3}
  m_Name: 
  m_EditorClassIdentifier: 
  deathFX: {fileID: 1454121923635682, guid: 0b7437e59012b6340985b902378fa214, type: 2}
  parent: {fileID: 233051675}
  scorePerHit: 10
  hits: 3
--- !u!1001 &375286532
Prefab:
  m_ObjectHideFlags: 0
  serializedVersion: 2
  m_Modification:
    m_TransformParent: {fileID: 0}
    m_Modifications:
    - target: {fileID: 4323500251066926, guid: 6d9498b4ed5ba824d95dc9144973c4ea, type: 2}
      propertyPath: m_LocalPosition.x
      value: 302.4
      objectReference: {fileID: 0}
    - target: {fileID: 4323500251066926, guid: 6d9498b4ed5ba824d95dc9144973c4ea, type: 2}
      propertyPath: m_LocalPosition.y
      value: 123.4
      objectReference: {fileID: 0}
    - target: {fileID: 4323500251066926, guid: 6d9498b4ed5ba824d95dc9144973c4ea, type: 2}
      propertyPath: m_LocalPosition.z
      value: 595.7
      objectReference: {fileID: 0}
    - target: {fileID: 4323500251066926, guid: 6d9498b4ed5ba824d95dc9144973c4ea, type: 2}
      propertyPath: m_LocalRotation.x
      value: 0.014053331
      objectReference: {fileID: 0}
    - target: {fileID: 4323500251066926, guid: 6d9498b4ed5ba824d95dc9144973c4ea, type: 2}
      propertyPath: m_LocalRotation.y
      value: -0.6846742
      objectReference: {fileID: 0}
    - target: {fileID: 4323500251066926, guid: 6d9498b4ed5ba824d95dc9144973c4ea, type: 2}
      propertyPath: m_LocalRotation.z
      value: 0.013206191
      objectReference: {fileID: 0}
    - target: {fileID: 4323500251066926, guid: 6d9498b4ed5ba824d95dc9144973c4ea, type: 2}
      propertyPath: m_LocalRotation.w
      value: 0.7285941
      objectReference: {fileID: 0}
    - target: {fileID: 4323500251066926, guid: 6d9498b4ed5ba824d95dc9144973c4ea, type: 2}
      propertyPath: m_RootOrder
      value: 1
      objectReference: {fileID: 0}
    - target: {fileID: 4323500251066926, guid: 6d9498b4ed5ba824d95dc9144973c4ea, type: 2}
      propertyPath: m_LocalEulerAnglesHint.x
      value: 2.21
      objectReference: {fileID: 0}
    - target: {fileID: 4323500251066926, guid: 6d9498b4ed5ba824d95dc9144973c4ea, type: 2}
      propertyPath: m_LocalEulerAnglesHint.y
      value: -86.44
      objectReference: {fileID: 0}
    m_RemovedComponents: []
  m_ParentPrefab: {fileID: 100100000, guid: 6d9498b4ed5ba824d95dc9144973c4ea, type: 2}
  m_IsPrefabParent: 0
--- !u!1001 &410539334
Prefab:
  m_ObjectHideFlags: 0
  serializedVersion: 2
  m_Modification:
    m_TransformParent: {fileID: 1359698184}
    m_Modifications:
    - target: {fileID: 4069866118125656, guid: bb7599871142bcd41bace4e2b151829a, type: 2}
      propertyPath: m_LocalPosition.x
      value: -179.59
      objectReference: {fileID: 0}
    - target: {fileID: 4069866118125656, guid: bb7599871142bcd41bace4e2b151829a, type: 2}
      propertyPath: m_LocalPosition.y
      value: -15.33
      objectReference: {fileID: 0}
    - target: {fileID: 4069866118125656, guid: bb7599871142bcd41bace4e2b151829a, type: 2}
      propertyPath: m_LocalPosition.z
      value: -224.65
      objectReference: {fileID: 0}
    - target: {fileID: 4069866118125656, guid: bb7599871142bcd41bace4e2b151829a, type: 2}
      propertyPath: m_LocalRotation.x
      value: -0.061671034
      objectReference: {fileID: 0}
    - target: {fileID: 4069866118125656, guid: bb7599871142bcd41bace4e2b151829a, type: 2}
      propertyPath: m_LocalRotation.y
      value: -0.96676993
      objectReference: {fileID: 0}
    - target: {fileID: 4069866118125656, guid: bb7599871142bcd41bace4e2b151829a, type: 2}
      propertyPath: m_LocalRotation.z
      value: 0.015794279
      objectReference: {fileID: 0}
    - target: {fileID: 4069866118125656, guid: bb7599871142bcd41bace4e2b151829a, type: 2}
      propertyPath: m_LocalRotation.w
      value: 0.2475949
      objectReference: {fileID: 0}
    - target: {fileID: 4069866118125656, guid: bb7599871142bcd41bace4e2b151829a, type: 2}
      propertyPath: m_RootOrder
      value: 0
      objectReference: {fileID: 0}
    - target: {fileID: 4069866118125656, guid: bb7599871142bcd41bace4e2b151829a, type: 2}
      propertyPath: m_LocalEulerAnglesHint.z
      value: 7.3
      objectReference: {fileID: 0}
    - target: {fileID: 4069866118125656, guid: bb7599871142bcd41bace4e2b151829a, type: 2}
      propertyPath: m_LocalEulerAnglesHint.y
      value: -151.27
      objectReference: {fileID: 0}
    - target: {fileID: 4069866118125656, guid: bb7599871142bcd41bace4e2b151829a, type: 2}
      propertyPath: m_LocalScale.x
      value: 10
      objectReference: {fileID: 0}
    - target: {fileID: 4069866118125656, guid: bb7599871142bcd41bace4e2b151829a, type: 2}
      propertyPath: m_LocalScale.z
      value: 10
      objectReference: {fileID: 0}
    - target: {fileID: 65450353331060432, guid: bb7599871142bcd41bace4e2b151829a,
        type: 2}
      propertyPath: m_IsTrigger
      value: 0
      objectReference: {fileID: 0}
    m_RemovedComponents: []
  m_ParentPrefab: {fileID: 100100000, guid: bb7599871142bcd41bace4e2b151829a, type: 2}
  m_IsPrefabParent: 0
--- !u!4 &447429829 stripped
Transform:
  m_PrefabParentObject: {fileID: 4069866118125656, guid: bb7599871142bcd41bace4e2b151829a,
    type: 2}
  m_PrefabInternal: {fileID: 410539334}
--- !u!1001 &463748231
Prefab:
  m_ObjectHideFlags: 0
  serializedVersion: 2
  m_Modification:
    m_TransformParent: {fileID: 87735771}
    m_Modifications:
    - target: {fileID: 4297903502670248, guid: 726272ec78dd60649ab66aa049e44276, type: 2}
      propertyPath: m_LocalPosition.x
      value: -0.001
      objectReference: {fileID: 0}
    - target: {fileID: 4297903502670248, guid: 726272ec78dd60649ab66aa049e44276, type: 2}
      propertyPath: m_LocalPosition.y
      value: -0.224
      objectReference: {fileID: 0}
    - target: {fileID: 4297903502670248, guid: 726272ec78dd60649ab66aa049e44276, type: 2}
      propertyPath: m_LocalPosition.z
      value: -1.707
      objectReference: {fileID: 0}
    - target: {fileID: 4297903502670248, guid: 726272ec78dd60649ab66aa049e44276, type: 2}
      propertyPath: m_LocalRotation.x
      value: 0.03293473
      objectReference: {fileID: 0}
    - target: {fileID: 4297903502670248, guid: 726272ec78dd60649ab66aa049e44276, type: 2}
      propertyPath: m_LocalRotation.y
      value: 0.043523666
      objectReference: {fileID: 0}
    - target: {fileID: 4297903502670248, guid: 726272ec78dd60649ab66aa049e44276, type: 2}
      propertyPath: m_LocalRotation.z
      value: 0.014157215
      objectReference: {fileID: 0}
    - target: {fileID: 4297903502670248, guid: 726272ec78dd60649ab66aa049e44276, type: 2}
      propertyPath: m_LocalRotation.w
      value: 0.99840903
      objectReference: {fileID: 0}
    - target: {fileID: 4297903502670248, guid: 726272ec78dd60649ab66aa049e44276, type: 2}
      propertyPath: m_RootOrder
      value: 4
      objectReference: {fileID: 0}
    - target: {fileID: 4297903502670248, guid: 726272ec78dd60649ab66aa049e44276, type: 2}
      propertyPath: m_LocalScale.x
      value: 0.099999994
      objectReference: {fileID: 0}
    - target: {fileID: 4297903502670248, guid: 726272ec78dd60649ab66aa049e44276, type: 2}
      propertyPath: m_LocalScale.y
      value: 0.09999998
      objectReference: {fileID: 0}
    - target: {fileID: 4297903502670248, guid: 726272ec78dd60649ab66aa049e44276, type: 2}
      propertyPath: m_LocalScale.z
      value: 0.19999999
      objectReference: {fileID: 0}
    - target: {fileID: 4297903502670248, guid: 726272ec78dd60649ab66aa049e44276, type: 2}
      propertyPath: m_LocalEulerAnglesHint.x
      value: 3.7
      objectReference: {fileID: 0}
    - target: {fileID: 1809280672802518, guid: 726272ec78dd60649ab66aa049e44276, type: 2}
      propertyPath: m_Name
      value: Jet Particles Purple (2)
      objectReference: {fileID: 0}
    - target: {fileID: 198440698820820494, guid: 726272ec78dd60649ab66aa049e44276,
        type: 2}
      propertyPath: randomSeed
      value: -743883948
      objectReference: {fileID: 0}
    m_RemovedComponents: []
  m_ParentPrefab: {fileID: 100100000, guid: 726272ec78dd60649ab66aa049e44276, type: 2}
  m_IsPrefabParent: 0
--- !u!4 &500208408 stripped
Transform:
  m_PrefabParentObject: {fileID: 4990607877152018, guid: 6d7afa73fcb1fce4cb4b65361a29bcbd,
    type: 2}
  m_PrefabInternal: {fileID: 1114083334}
--- !u!1 &516629095
GameObject:
  m_ObjectHideFlags: 0
  m_PrefabParentObject: {fileID: 0}
  m_PrefabInternal: {fileID: 0}
  serializedVersion: 5
  m_Component:
  - component: {fileID: 516629100}
  - component: {fileID: 516629099}
  - component: {fileID: 516629098}
  - component: {fileID: 516629097}
  - component: {fileID: 516629096}
  - component: {fileID: 516629101}
  m_Layer: 0
  m_Name: Player Rig
  m_TagString: MainCamera
  m_Icon: {fileID: 0}
  m_NavMeshLayer: 0
  m_StaticEditorFlags: 0
  m_IsActive: 1
--- !u!81 &516629096
AudioListener:
  m_ObjectHideFlags: 0
  m_PrefabParentObject: {fileID: 0}
  m_PrefabInternal: {fileID: 0}
  m_GameObject: {fileID: 516629095}
  m_Enabled: 1
--- !u!124 &516629097
Behaviour:
  m_ObjectHideFlags: 0
  m_PrefabParentObject: {fileID: 0}
  m_PrefabInternal: {fileID: 0}
  m_GameObject: {fileID: 516629095}
  m_Enabled: 1
--- !u!92 &516629098
Behaviour:
  m_ObjectHideFlags: 0
  m_PrefabParentObject: {fileID: 0}
  m_PrefabInternal: {fileID: 0}
  m_GameObject: {fileID: 516629095}
  m_Enabled: 1
--- !u!20 &516629099
Camera:
  m_ObjectHideFlags: 0
  m_PrefabParentObject: {fileID: 0}
  m_PrefabInternal: {fileID: 0}
  m_GameObject: {fileID: 516629095}
  m_Enabled: 1
  serializedVersion: 2
  m_ClearFlags: 1
  m_BackGroundColor: {r: 0.19215687, g: 0.3019608, b: 0.4745098, a: 0}
  m_NormalizedViewPortRect:
    serializedVersion: 2
    x: 0
    y: 0
    width: 1
    height: 1
  near clip plane: 0.3
  far clip plane: 1000
  field of view: 45
  orthographic: 0
  orthographic size: 5
  m_Depth: -1
  m_CullingMask:
    serializedVersion: 2
    m_Bits: 4294967295
  m_RenderingPath: -1
  m_TargetTexture: {fileID: 0}
  m_TargetDisplay: 0
  m_TargetEye: 3
  m_HDR: 1
  m_AllowMSAA: 1
  m_ForceIntoRT: 0
  m_OcclusionCulling: 1
  m_StereoConvergence: 10
  m_StereoSeparation: 0.022
  m_StereoMirrorMode: 0
--- !u!4 &516629100
Transform:
  m_ObjectHideFlags: 0
  m_PrefabParentObject: {fileID: 0}
  m_PrefabInternal: {fileID: 0}
  m_GameObject: {fileID: 516629095}
  m_LocalRotation: {x: 0, y: 0, z: 0, w: 1}
  m_LocalPosition: {x: -33.3, y: 105.23, z: 74.68}
  m_LocalScale: {x: 1, y: 1, z: 1}
  m_Children:
  - {fileID: 87735771}
  m_Father: {fileID: 0}
  m_RootOrder: 0
  m_LocalEulerAnglesHint: {x: 0, y: 0, z: 0}
--- !u!95 &516629101
Animator:
  serializedVersion: 3
  m_ObjectHideFlags: 0
  m_PrefabParentObject: {fileID: 0}
  m_PrefabInternal: {fileID: 0}
  m_GameObject: {fileID: 516629095}
  m_Enabled: 1
  m_Avatar: {fileID: 0}
  m_Controller: {fileID: 0}
  m_CullingMode: 0
  m_UpdateMode: 0
  m_ApplyRootMotion: 0
  m_LinearVelocityBlending: 0
  m_WarningMessage: 
  m_HasTransformHierarchy: 1
  m_AllowConstantClipSamplingOptimization: 1
--- !u!1 &519635037
GameObject:
  m_ObjectHideFlags: 0
  m_PrefabParentObject: {fileID: 0}
  m_PrefabInternal: {fileID: 0}
  serializedVersion: 5
  m_Component:
  - component: {fileID: 519635038}
  - component: {fileID: 519635040}
  - component: {fileID: 519635039}
  - component: {fileID: 519635041}
  m_Layer: 5
  m_Name: Score Board
  m_TagString: Untagged
  m_Icon: {fileID: 0}
  m_NavMeshLayer: 0
  m_StaticEditorFlags: 0
  m_IsActive: 1
--- !u!224 &519635038
RectTransform:
  m_ObjectHideFlags: 0
  m_PrefabParentObject: {fileID: 0}
  m_PrefabInternal: {fileID: 0}
  m_GameObject: {fileID: 519635037}
  m_LocalRotation: {x: 0, y: 0, z: 0, w: 1}
  m_LocalPosition: {x: 0, y: 0, z: 0}
  m_LocalScale: {x: 1, y: 1, z: 1}
  m_Children: []
  m_Father: {fileID: 1949959959}
  m_RootOrder: 0
  m_LocalEulerAnglesHint: {x: 0, y: 0, z: 0}
  m_AnchorMin: {x: 0, y: 0}
  m_AnchorMax: {x: 1, y: 1}
  m_AnchoredPosition: {x: -679, y: -477.68}
  m_SizeDelta: {x: -1398.5, y: -955.3501}
  m_Pivot: {x: 0.5, y: 0.50000006}
--- !u!114 &519635039
MonoBehaviour:
  m_ObjectHideFlags: 0
  m_PrefabParentObject: {fileID: 0}
  m_PrefabInternal: {fileID: 0}
  m_GameObject: {fileID: 519635037}
  m_Enabled: 1
  m_EditorHideFlags: 0
  m_Script: {fileID: 708705254, guid: f70555f144d8491a825f0804e09c671c, type: 3}
  m_Name: 
  m_EditorClassIdentifier: 
  m_Material: {fileID: 0}
  m_Color: {r: 0, g: 0.51470566, b: 1, a: 1}
  m_RaycastTarget: 1
  m_OnCullStateChanged:
    m_PersistentCalls:
      m_Calls: []
    m_TypeName: UnityEngine.UI.MaskableGraphic+CullStateChangedEvent, UnityEngine.UI,
      Version=1.0.0.0, Culture=neutral, PublicKeyToken=null
  m_FontData:
    m_Font: {fileID: 12800000, guid: 1f16052dfd5f6f54e94e97ecedd4c86b, type: 3}
    m_FontSize: 105
    m_FontStyle: 0
    m_BestFit: 0
    m_MinSize: 8
    m_MaxSize: 105
    m_Alignment: 3
    m_AlignByGeometry: 0
    m_RichText: 1
    m_HorizontalOverflow: 0
    m_VerticalOverflow: 0
    m_LineSpacing: 1
  m_Text: 123456789
--- !u!222 &519635040
CanvasRenderer:
  m_ObjectHideFlags: 0
  m_PrefabParentObject: {fileID: 0}
  m_PrefabInternal: {fileID: 0}
  m_GameObject: {fileID: 519635037}
--- !u!114 &519635041
MonoBehaviour:
  m_ObjectHideFlags: 0
  m_PrefabParentObject: {fileID: 0}
  m_PrefabInternal: {fileID: 0}
  m_GameObject: {fileID: 519635037}
  m_Enabled: 1
  m_EditorHideFlags: 0
  m_Script: {fileID: 11500000, guid: 813b73a528bf7d94886c094de1ee4dfe, type: 3}
  m_Name: 
  m_EditorClassIdentifier: 
--- !u!1001 &528779668
Prefab:
  m_ObjectHideFlags: 0
  serializedVersion: 2
  m_Modification:
    m_TransformParent: {fileID: 1139461991}
    m_Modifications:
    - target: {fileID: 4990607877152018, guid: 6d7afa73fcb1fce4cb4b65361a29bcbd, type: 2}
      propertyPath: m_LocalPosition.x
      value: -3
      objectReference: {fileID: 0}
    - target: {fileID: 4990607877152018, guid: 6d7afa73fcb1fce4cb4b65361a29bcbd, type: 2}
      propertyPath: m_LocalPosition.y
      value: 7.2
      objectReference: {fileID: 0}
    - target: {fileID: 4990607877152018, guid: 6d7afa73fcb1fce4cb4b65361a29bcbd, type: 2}
      propertyPath: m_LocalPosition.z
      value: 1.4
      objectReference: {fileID: 0}
    - target: {fileID: 4990607877152018, guid: 6d7afa73fcb1fce4cb4b65361a29bcbd, type: 2}
      propertyPath: m_LocalRotation.x
      value: -0.20544067
      objectReference: {fileID: 0}
    - target: {fileID: 4990607877152018, guid: 6d7afa73fcb1fce4cb4b65361a29bcbd, type: 2}
      propertyPath: m_LocalRotation.y
      value: 0.76057553
      objectReference: {fileID: 0}
    - target: {fileID: 4990607877152018, guid: 6d7afa73fcb1fce4cb4b65361a29bcbd, type: 2}
      propertyPath: m_LocalRotation.z
      value: 0.545121
      objectReference: {fileID: 0}
    - target: {fileID: 4990607877152018, guid: 6d7afa73fcb1fce4cb4b65361a29bcbd, type: 2}
      propertyPath: m_LocalRotation.w
      value: 0.2866394
      objectReference: {fileID: 0}
    - target: {fileID: 4990607877152018, guid: 6d7afa73fcb1fce4cb4b65361a29bcbd, type: 2}
      propertyPath: m_RootOrder
      value: 2
      objectReference: {fileID: 0}
    - target: {fileID: 4990607877152018, guid: 6d7afa73fcb1fce4cb4b65361a29bcbd, type: 2}
      propertyPath: m_LocalEulerAnglesHint.y
      value: 0.00000009616161
      objectReference: {fileID: 0}
    - target: {fileID: 4990607877152018, guid: 6d7afa73fcb1fce4cb4b65361a29bcbd, type: 2}
      propertyPath: m_LocalEulerAnglesHint.x
      value: 0.00000470218
      objectReference: {fileID: 0}
    - target: {fileID: 4990607877152018, guid: 6d7afa73fcb1fce4cb4b65361a29bcbd, type: 2}
      propertyPath: m_LocalScale.z
      value: 20.000023
      objectReference: {fileID: 0}
    - target: {fileID: 65651017678586340, guid: 6d7afa73fcb1fce4cb4b65361a29bcbd,
        type: 2}
      propertyPath: m_IsTrigger
      value: 0
      objectReference: {fileID: 0}
    - target: {fileID: 4990607877152018, guid: 6d7afa73fcb1fce4cb4b65361a29bcbd, type: 2}
      propertyPath: m_LocalEulerAnglesHint.z
      value: 0.000004000636
      objectReference: {fileID: 0}
    - target: {fileID: 4990607877152018, guid: 6d7afa73fcb1fce4cb4b65361a29bcbd, type: 2}
      propertyPath: m_LocalScale.x
      value: 20.00002
      objectReference: {fileID: 0}
    - target: {fileID: 4990607877152018, guid: 6d7afa73fcb1fce4cb4b65361a29bcbd, type: 2}
      propertyPath: m_LocalScale.y
      value: 20.000013
      objectReference: {fileID: 0}
    - target: {fileID: 1074994750746910, guid: 6d7afa73fcb1fce4cb4b65361a29bcbd, type: 2}
      propertyPath: m_Name
      value: Ship_03 (2)
      objectReference: {fileID: 0}
    m_RemovedComponents: []
  m_ParentPrefab: {fileID: 100100000, guid: 6d7afa73fcb1fce4cb4b65361a29bcbd, type: 2}
  m_IsPrefabParent: 0
--- !u!4 &543025774 stripped
Transform:
  m_PrefabParentObject: {fileID: 4990607877152018, guid: 6d7afa73fcb1fce4cb4b65361a29bcbd,
    type: 2}
  m_PrefabInternal: {fileID: 1565537209}
--- !u!4 &623986612 stripped
Transform:
  m_PrefabParentObject: {fileID: 4990607877152018, guid: 6d7afa73fcb1fce4cb4b65361a29bcbd,
    type: 2}
  m_PrefabInternal: {fileID: 1380168811}
--- !u!1 &643891532
GameObject:
  m_ObjectHideFlags: 0
  m_PrefabParentObject: {fileID: 0}
  m_PrefabInternal: {fileID: 0}
  serializedVersion: 5
  m_Component:
  - component: {fileID: 643891535}
  - component: {fileID: 643891534}
  - component: {fileID: 643891533}
  m_Layer: 0
  m_Name: EventSystem
  m_TagString: Untagged
  m_Icon: {fileID: 0}
  m_NavMeshLayer: 0
  m_StaticEditorFlags: 0
  m_IsActive: 1
--- !u!114 &643891533
MonoBehaviour:
  m_ObjectHideFlags: 0
  m_PrefabParentObject: {fileID: 0}
  m_PrefabInternal: {fileID: 0}
  m_GameObject: {fileID: 643891532}
  m_Enabled: 1
  m_EditorHideFlags: 0
  m_Script: {fileID: 1077351063, guid: f70555f144d8491a825f0804e09c671c, type: 3}
  m_Name: 
  m_EditorClassIdentifier: 
  m_HorizontalAxis: Horizontal
  m_VerticalAxis: Vertical
  m_SubmitButton: Submit
  m_CancelButton: Cancel
  m_InputActionsPerSecond: 10
  m_RepeatDelay: 0.5
  m_ForceModuleActive: 0
--- !u!114 &643891534
MonoBehaviour:
  m_ObjectHideFlags: 0
  m_PrefabParentObject: {fileID: 0}
  m_PrefabInternal: {fileID: 0}
  m_GameObject: {fileID: 643891532}
  m_Enabled: 1
  m_EditorHideFlags: 0
  m_Script: {fileID: -619905303, guid: f70555f144d8491a825f0804e09c671c, type: 3}
  m_Name: 
  m_EditorClassIdentifier: 
  m_FirstSelected: {fileID: 0}
  m_sendNavigationEvents: 1
  m_DragThreshold: 5
--- !u!4 &643891535
Transform:
  m_ObjectHideFlags: 0
  m_PrefabParentObject: {fileID: 0}
  m_PrefabInternal: {fileID: 0}
  m_GameObject: {fileID: 643891532}
  m_LocalRotation: {x: 0, y: 0, z: 0, w: 1}
  m_LocalPosition: {x: 0, y: 0, z: 0}
  m_LocalScale: {x: 1, y: 1, z: 1}
  m_Children: []
  m_Father: {fileID: 0}
  m_RootOrder: 10
  m_LocalEulerAnglesHint: {x: 0, y: 0, z: 0}
--- !u!1001 &773699915
Prefab:
  m_ObjectHideFlags: 0
  serializedVersion: 2
  m_Modification:
    m_TransformParent: {fileID: 1359698184}
    m_Modifications:
    - target: {fileID: 4069866118125656, guid: bb7599871142bcd41bace4e2b151829a, type: 2}
      propertyPath: m_LocalPosition.x
      value: -10.362503
      objectReference: {fileID: 0}
    - target: {fileID: 4069866118125656, guid: bb7599871142bcd41bace4e2b151829a, type: 2}
      propertyPath: m_LocalPosition.y
      value: -13.127769
      objectReference: {fileID: 0}
    - target: {fileID: 4069866118125656, guid: bb7599871142bcd41bace4e2b151829a, type: 2}
      propertyPath: m_LocalPosition.z
      value: -11.30188
      objectReference: {fileID: 0}
    - target: {fileID: 4069866118125656, guid: bb7599871142bcd41bace4e2b151829a, type: 2}
      propertyPath: m_LocalRotation.x
      value: -0
      objectReference: {fileID: 0}
    - target: {fileID: 4069866118125656, guid: bb7599871142bcd41bace4e2b151829a, type: 2}
      propertyPath: m_LocalRotation.y
      value: -0
      objectReference: {fileID: 0}
    - target: {fileID: 4069866118125656, guid: bb7599871142bcd41bace4e2b151829a, type: 2}
      propertyPath: m_LocalRotation.z
      value: -0
      objectReference: {fileID: 0}
    - target: {fileID: 4069866118125656, guid: bb7599871142bcd41bace4e2b151829a, type: 2}
      propertyPath: m_LocalRotation.w
      value: 1
      objectReference: {fileID: 0}
    - target: {fileID: 4069866118125656, guid: bb7599871142bcd41bace4e2b151829a, type: 2}
      propertyPath: m_RootOrder
      value: 3
      objectReference: {fileID: 0}
    - target: {fileID: 65450353331060432, guid: bb7599871142bcd41bace4e2b151829a,
        type: 2}
      propertyPath: m_IsTrigger
      value: 0
      objectReference: {fileID: 0}
    m_RemovedComponents: []
  m_ParentPrefab: {fileID: 100100000, guid: bb7599871142bcd41bace4e2b151829a, type: 2}
  m_IsPrefabParent: 0
--- !u!1 &831660957
GameObject:
  m_ObjectHideFlags: 0
  m_PrefabParentObject: {fileID: 0}
  m_PrefabInternal: {fileID: 0}
  serializedVersion: 5
  m_Component:
  - component: {fileID: 831660960}
  - component: {fileID: 831660959}
  - component: {fileID: 831660958}
  m_Layer: 5
  m_Name: Image
  m_TagString: Untagged
  m_Icon: {fileID: 0}
  m_NavMeshLayer: 0
  m_StaticEditorFlags: 0
  m_IsActive: 1
--- !u!114 &831660958
MonoBehaviour:
  m_ObjectHideFlags: 0
  m_PrefabParentObject: {fileID: 0}
  m_PrefabInternal: {fileID: 0}
  m_GameObject: {fileID: 831660957}
  m_Enabled: 1
  m_EditorHideFlags: 0
  m_Script: {fileID: -765806418, guid: f70555f144d8491a825f0804e09c671c, type: 3}
  m_Name: 
  m_EditorClassIdentifier: 
  m_Material: {fileID: 0}
  m_Color: {r: 1, g: 1, b: 1, a: 1}
  m_RaycastTarget: 1
  m_OnCullStateChanged:
    m_PersistentCalls:
      m_Calls: []
    m_TypeName: UnityEngine.UI.MaskableGraphic+CullStateChangedEvent, UnityEngine.UI,
      Version=1.0.0.0, Culture=neutral, PublicKeyToken=null
  m_Sprite: {fileID: 21300000, guid: f887e372c8e6fe942b68ca5b612dfc93, type: 3}
  m_Type: 0
  m_PreserveAspect: 0
  m_FillCenter: 1
  m_FillMethod: 4
  m_FillAmount: 1
  m_FillClockwise: 1
  m_FillOrigin: 0
--- !u!222 &831660959
CanvasRenderer:
  m_ObjectHideFlags: 0
  m_PrefabParentObject: {fileID: 0}
  m_PrefabInternal: {fileID: 0}
  m_GameObject: {fileID: 831660957}
--- !u!224 &831660960
RectTransform:
  m_ObjectHideFlags: 0
  m_PrefabParentObject: {fileID: 0}
  m_PrefabInternal: {fileID: 0}
  m_GameObject: {fileID: 831660957}
  m_LocalRotation: {x: 0, y: 0, z: 0, w: 1}
  m_LocalPosition: {x: 0, y: 0, z: 0}
  m_LocalScale: {x: 1, y: 1, z: 1}
  m_Children: []
  m_Father: {fileID: 1949959959}
  m_RootOrder: 1
  m_LocalEulerAnglesHint: {x: 0, y: 0, z: 0}
  m_AnchorMin: {x: 0.5, y: 0.5}
  m_AnchorMax: {x: 0.5, y: 0.5}
  m_AnchoredPosition: {x: 690, y: -273}
  m_SizeDelta: {x: 500, y: 500}
  m_Pivot: {x: 0.5, y: 0.5}
--- !u!1 &837164664 stripped
GameObject:
  m_PrefabParentObject: {fileID: 1875551938172112, guid: bb7599871142bcd41bace4e2b151829a,
    type: 2}
  m_PrefabInternal: {fileID: 410539334}
--- !u!114 &837164668
MonoBehaviour:
  m_ObjectHideFlags: 0
  m_PrefabParentObject: {fileID: 0}
  m_PrefabInternal: {fileID: 0}
  m_GameObject: {fileID: 837164664}
  m_Enabled: 1
  m_EditorHideFlags: 0
  m_Script: {fileID: 11500000, guid: 2d889208db09eca41aefcfb70b83f12d, type: 3}
  m_Name: 
  m_EditorClassIdentifier: 
  deathFX: {fileID: 1454121923635682, guid: 0b7437e59012b6340985b902378fa214, type: 2}
  parent: {fileID: 233051675}
  scorePerHit: 50
  hits: 3
--- !u!4 &862101079 stripped
Transform:
  m_PrefabParentObject: {fileID: 4990607877152018, guid: b1409027a8eecad40bcd368947cfeb7b,
    type: 2}
  m_PrefabInternal: {fileID: 970385415}
--- !u!1001 &970385415
Prefab:
  m_ObjectHideFlags: 0
  serializedVersion: 2
  m_Modification:
    m_TransformParent: {fileID: 1359698184}
    m_Modifications:
    - target: {fileID: 4990607877152018, guid: b1409027a8eecad40bcd368947cfeb7b, type: 2}
      propertyPath: m_LocalPosition.x
      value: 387.2
      objectReference: {fileID: 0}
    - target: {fileID: 4990607877152018, guid: b1409027a8eecad40bcd368947cfeb7b, type: 2}
      propertyPath: m_LocalPosition.y
      value: -1
      objectReference: {fileID: 0}
    - target: {fileID: 4990607877152018, guid: b1409027a8eecad40bcd368947cfeb7b, type: 2}
      propertyPath: m_LocalPosition.z
      value: -528.7
      objectReference: {fileID: 0}
    - target: {fileID: 4990607877152018, guid: b1409027a8eecad40bcd368947cfeb7b, type: 2}
      propertyPath: m_LocalRotation.x
      value: -0.64085037
      objectReference: {fileID: 0}
    - target: {fileID: 4990607877152018, guid: b1409027a8eecad40bcd368947cfeb7b, type: 2}
      propertyPath: m_LocalRotation.y
      value: 0.09109824
      objectReference: {fileID: 0}
    - target: {fileID: 4990607877152018, guid: b1409027a8eecad40bcd368947cfeb7b, type: 2}
      propertyPath: m_LocalRotation.z
      value: 0.076983996
      objectReference: {fileID: 0}
    - target: {fileID: 4990607877152018, guid: b1409027a8eecad40bcd368947cfeb7b, type: 2}
      propertyPath: m_LocalRotation.w
      value: 0.7583439
      objectReference: {fileID: 0}
    - target: {fileID: 4990607877152018, guid: b1409027a8eecad40bcd368947cfeb7b, type: 2}
      propertyPath: m_RootOrder
      value: 5
      objectReference: {fileID: 0}
    - target: {fileID: 114005573087630690, guid: b1409027a8eecad40bcd368947cfeb7b,
        type: 2}
      propertyPath: parent
      value: 
      objectReference: {fileID: 1359698184}
    - target: {fileID: 1074994750746910, guid: b1409027a8eecad40bcd368947cfeb7b, type: 2}
      propertyPath: m_Name
      value: Boss
      objectReference: {fileID: 0}
    m_RemovedComponents: []
  m_ParentPrefab: {fileID: 100100000, guid: b1409027a8eecad40bcd368947cfeb7b, type: 2}
  m_IsPrefabParent: 0
--- !u!1001 &1114083334
Prefab:
  m_ObjectHideFlags: 0
  serializedVersion: 2
  m_Modification:
    m_TransformParent: {fileID: 1359698184}
    m_Modifications:
    - target: {fileID: 4990607877152018, guid: 6d7afa73fcb1fce4cb4b65361a29bcbd, type: 2}
      propertyPath: m_LocalPosition.x
      value: -2.4024963
      objectReference: {fileID: 0}
    - target: {fileID: 4990607877152018, guid: 6d7afa73fcb1fce4cb4b65361a29bcbd, type: 2}
      propertyPath: m_LocalPosition.y
      value: -17.12777
      objectReference: {fileID: 0}
    - target: {fileID: 4990607877152018, guid: 6d7afa73fcb1fce4cb4b65361a29bcbd, type: 2}
      propertyPath: m_LocalPosition.z
      value: 7.3481445
      objectReference: {fileID: 0}
    - target: {fileID: 4990607877152018, guid: 6d7afa73fcb1fce4cb4b65361a29bcbd, type: 2}
      propertyPath: m_LocalRotation.x
      value: -0
      objectReference: {fileID: 0}
    - target: {fileID: 4990607877152018, guid: 6d7afa73fcb1fce4cb4b65361a29bcbd, type: 2}
      propertyPath: m_LocalRotation.y
      value: -0.7071068
      objectReference: {fileID: 0}
    - target: {fileID: 4990607877152018, guid: 6d7afa73fcb1fce4cb4b65361a29bcbd, type: 2}
      propertyPath: m_LocalRotation.z
      value: -0.7071068
      objectReference: {fileID: 0}
    - target: {fileID: 4990607877152018, guid: 6d7afa73fcb1fce4cb4b65361a29bcbd, type: 2}
      propertyPath: m_LocalRotation.w
      value: 0
      objectReference: {fileID: 0}
    - target: {fileID: 4990607877152018, guid: 6d7afa73fcb1fce4cb4b65361a29bcbd, type: 2}
      propertyPath: m_RootOrder
      value: 2
      objectReference: {fileID: 0}
    - target: {fileID: 1074994750746910, guid: 6d7afa73fcb1fce4cb4b65361a29bcbd, type: 2}
      propertyPath: m_Name
      value: Ship_03
      objectReference: {fileID: 0}
    - target: {fileID: 4990607877152018, guid: 6d7afa73fcb1fce4cb4b65361a29bcbd, type: 2}
      propertyPath: m_LocalScale.x
      value: 20.000021
      objectReference: {fileID: 0}
    - target: {fileID: 4990607877152018, guid: 6d7afa73fcb1fce4cb4b65361a29bcbd, type: 2}
      propertyPath: m_LocalScale.y
      value: 20
      objectReference: {fileID: 0}
    - target: {fileID: 4990607877152018, guid: 6d7afa73fcb1fce4cb4b65361a29bcbd, type: 2}
      propertyPath: m_LocalScale.z
      value: 20
      objectReference: {fileID: 0}
    - target: {fileID: 65651017678586340, guid: 6d7afa73fcb1fce4cb4b65361a29bcbd,
        type: 2}
      propertyPath: m_IsTrigger
      value: 0
      objectReference: {fileID: 0}
    m_RemovedComponents: []
  m_ParentPrefab: {fileID: 100100000, guid: 6d7afa73fcb1fce4cb4b65361a29bcbd, type: 2}
  m_IsPrefabParent: 0
--- !u!1 &1139461988
GameObject:
  m_ObjectHideFlags: 0
  m_PrefabParentObject: {fileID: 0}
  m_PrefabInternal: {fileID: 0}
  serializedVersion: 5
  m_Component:
  - component: {fileID: 1139461991}
  - component: {fileID: 1139461990}
  - component: {fileID: 1139461989}
  m_Layer: 0
  m_Name: Wave1
  m_TagString: Untagged
  m_Icon: {fileID: 0}
  m_NavMeshLayer: 0
  m_StaticEditorFlags: 0
  m_IsActive: 1
--- !u!95 &1139461989
Animator:
  serializedVersion: 3
  m_ObjectHideFlags: 0
  m_PrefabParentObject: {fileID: 0}
  m_PrefabInternal: {fileID: 0}
  m_GameObject: {fileID: 1139461988}
  m_Enabled: 1
  m_Avatar: {fileID: 0}
  m_Controller: {fileID: 0}
  m_CullingMode: 0
  m_UpdateMode: 0
  m_ApplyRootMotion: 1
  m_LinearVelocityBlending: 0
  m_WarningMessage: 
  m_HasTransformHierarchy: 1
  m_AllowConstantClipSamplingOptimization: 1
--- !u!320 &1139461990
PlayableDirector:
  m_ObjectHideFlags: 0
  m_PrefabParentObject: {fileID: 0}
  m_PrefabInternal: {fileID: 0}
  m_GameObject: {fileID: 1139461988}
  m_Enabled: 1
  serializedVersion: 3
  m_PlayableAsset: {fileID: 11400000, guid: 25713732a940d80498befa97ec6fd12b, type: 2}
  m_InitialState: 0
  m_WrapMode: 2
  m_DirectorUpdateMode: 1
  m_InitialTime: 0
  m_SceneBindings:
  - key: {fileID: 0}
    value: {fileID: 1139461988}
  - key: {fileID: 114131410099880376, guid: 25713732a940d80498befa97ec6fd12b, type: 2}
    value: {fileID: 1403332879}
  - key: {fileID: 114806269817207682, guid: 25713732a940d80498befa97ec6fd12b, type: 2}
    value: {fileID: 1431394101}
  - key: {fileID: 114408309080309880, guid: 25713732a940d80498befa97ec6fd12b, type: 2}
    value: {fileID: 1856158556}
  - key: {fileID: 114131742194817440, guid: 25713732a940d80498befa97ec6fd12b, type: 2}
    value: {fileID: 0}
  m_ExposedReferences:
    m_References: []
--- !u!4 &1139461991
Transform:
  m_ObjectHideFlags: 0
  m_PrefabParentObject: {fileID: 0}
  m_PrefabInternal: {fileID: 0}
  m_GameObject: {fileID: 1139461988}
  m_LocalRotation: {x: 0, y: 0, z: 0, w: 1}
  m_LocalPosition: {x: -180.5, y: 169.8, z: 407.6}
  m_LocalScale: {x: 1, y: 1, z: 1}
  m_Children:
  - {fileID: 623986612}
  - {fileID: 1431394106}
  - {fileID: 1856158561}
  m_Father: {fileID: 0}
  m_RootOrder: 12
  m_LocalEulerAnglesHint: {x: 0, y: 0, z: 0}
--- !u!1 &1164821690 stripped
GameObject:
  m_PrefabParentObject: {fileID: 1074994750746910, guid: 6d7afa73fcb1fce4cb4b65361a29bcbd,
    type: 2}
  m_PrefabInternal: {fileID: 1114083334}
--- !u!114 &1164821694
MonoBehaviour:
  m_ObjectHideFlags: 0
  m_PrefabParentObject: {fileID: 0}
  m_PrefabInternal: {fileID: 0}
  m_GameObject: {fileID: 1164821690}
  m_Enabled: 1
  m_EditorHideFlags: 0
  m_Script: {fileID: 11500000, guid: 2d889208db09eca41aefcfb70b83f12d, type: 3}
  m_Name: 
  m_EditorClassIdentifier: 
  deathFX: {fileID: 1454121923635682, guid: 0b7437e59012b6340985b902378fa214, type: 2}
  parent: {fileID: 233051675}
  scorePerHit: 10
  hits: 3
--- !u!1 &1314930089
GameObject:
  m_ObjectHideFlags: 0
  m_PrefabParentObject: {fileID: 1954490356480156, guid: db6ddbfb0c81e41498039bcd26071f03,
    type: 2}
  m_PrefabInternal: {fileID: 0}
  serializedVersion: 5
  m_Component:
  - component: {fileID: 1314930090}
  m_Layer: 0
  m_Name: Enviromental Obstacles
  m_TagString: Untagged
  m_Icon: {fileID: 0}
  m_NavMeshLayer: 0
  m_StaticEditorFlags: 0
  m_IsActive: 1
--- !u!4 &1314930090
Transform:
  m_ObjectHideFlags: 0
  m_PrefabParentObject: {fileID: 4244721783170142, guid: db6ddbfb0c81e41498039bcd26071f03,
    type: 2}
  m_PrefabInternal: {fileID: 0}
  m_GameObject: {fileID: 1314930089}
  m_LocalRotation: {x: 0, y: 0, z: 0, w: 1}
  m_LocalPosition: {x: 0, y: 0, z: 0}
  m_LocalScale: {x: 1, y: 1, z: 1}
  m_Children:
  - {fileID: 1327128855}
  m_Father: {fileID: 0}
  m_RootOrder: 5
  m_LocalEulerAnglesHint: {x: 0, y: 0, z: 0}
--- !u!4 &1327128855 stripped
Transform:
  m_PrefabParentObject: {fileID: 4323500251066926, guid: 6d9498b4ed5ba824d95dc9144973c4ea,
    type: 2}
  m_PrefabInternal: {fileID: 1463560666}
--- !u!1 &1359698183
GameObject:
  m_ObjectHideFlags: 0
  m_PrefabParentObject: {fileID: 0}
  m_PrefabInternal: {fileID: 0}
  serializedVersion: 5
  m_Component:
  - component: {fileID: 1359698184}
  m_Layer: 0
  m_Name: Enemies
  m_TagString: Untagged
  m_Icon: {fileID: 0}
  m_NavMeshLayer: 0
  m_StaticEditorFlags: 0
  m_IsActive: 1
--- !u!4 &1359698184
Transform:
  m_ObjectHideFlags: 0
  m_PrefabParentObject: {fileID: 0}
  m_PrefabInternal: {fileID: 0}
  m_GameObject: {fileID: 1359698183}
  m_LocalRotation: {x: 0, y: 0, z: 0, w: 1}
  m_LocalPosition: {x: 118.2025, y: 125.12777, z: 568.9819}
  m_LocalScale: {x: 1, y: 1, z: 1}
  m_Children:
  - {fileID: 447429829}
  - {fileID: 119216840}
  - {fileID: 500208408}
  - {fileID: 1674172623}
  - {fileID: 543025774}
  - {fileID: 862101079}
  m_Father: {fileID: 0}
  m_RootOrder: 7
  m_LocalEulerAnglesHint: {x: 0, y: 0, z: 0}
--- !u!1001 &1380168811
Prefab:
  m_ObjectHideFlags: 0
  serializedVersion: 2
  m_Modification:
    m_TransformParent: {fileID: 1139461991}
    m_Modifications:
    - target: {fileID: 4990607877152018, guid: 6d7afa73fcb1fce4cb4b65361a29bcbd, type: 2}
      propertyPath: m_LocalPosition.x
      value: 2.2
      objectReference: {fileID: 0}
    - target: {fileID: 4990607877152018, guid: 6d7afa73fcb1fce4cb4b65361a29bcbd, type: 2}
      propertyPath: m_LocalPosition.y
      value: -2
      objectReference: {fileID: 0}
    - target: {fileID: 4990607877152018, guid: 6d7afa73fcb1fce4cb4b65361a29bcbd, type: 2}
      propertyPath: m_LocalPosition.z
      value: 10.1
      objectReference: {fileID: 0}
    - target: {fileID: 4990607877152018, guid: 6d7afa73fcb1fce4cb4b65361a29bcbd, type: 2}
      propertyPath: m_LocalRotation.x
      value: -0.20544067
      objectReference: {fileID: 0}
    - target: {fileID: 4990607877152018, guid: 6d7afa73fcb1fce4cb4b65361a29bcbd, type: 2}
      propertyPath: m_LocalRotation.y
      value: 0.76057553
      objectReference: {fileID: 0}
    - target: {fileID: 4990607877152018, guid: 6d7afa73fcb1fce4cb4b65361a29bcbd, type: 2}
      propertyPath: m_LocalRotation.z
      value: 0.545121
      objectReference: {fileID: 0}
    - target: {fileID: 4990607877152018, guid: 6d7afa73fcb1fce4cb4b65361a29bcbd, type: 2}
      propertyPath: m_LocalRotation.w
      value: 0.2866394
      objectReference: {fileID: 0}
    - target: {fileID: 4990607877152018, guid: 6d7afa73fcb1fce4cb4b65361a29bcbd, type: 2}
      propertyPath: m_RootOrder
      value: 0
      objectReference: {fileID: 0}
    - target: {fileID: 114286005630829342, guid: 6d7afa73fcb1fce4cb4b65361a29bcbd,
        type: 2}
      propertyPath: parent
      value: 
      objectReference: {fileID: 233051675}
    m_RemovedComponents: []
  m_ParentPrefab: {fileID: 100100000, guid: 6d7afa73fcb1fce4cb4b65361a29bcbd, type: 2}
  m_IsPrefabParent: 0
--- !u!1 &1398862719
GameObject:
  m_ObjectHideFlags: 0
  m_PrefabParentObject: {fileID: 1146183114361038, guid: c8b83292086a1ef4fa9bc2997ccda2f7,
    type: 2}
  m_PrefabInternal: {fileID: 1729593974}
  serializedVersion: 5
  m_Component:
  - component: {fileID: 1398862723}
  - component: {fileID: 1398862722}
  - component: {fileID: 1398862721}
  - component: {fileID: 1398862720}
  m_Layer: 0
  m_Name: Staging Area
  m_TagString: Untagged
  m_Icon: {fileID: 0}
  m_NavMeshLayer: 0
  m_StaticEditorFlags: 0
  m_IsActive: 1
--- !u!23 &1398862720
MeshRenderer:
  m_ObjectHideFlags: 0
  m_PrefabParentObject: {fileID: 23991888788865480, guid: c8b83292086a1ef4fa9bc2997ccda2f7,
    type: 2}
  m_PrefabInternal: {fileID: 1729593974}
  m_GameObject: {fileID: 1398862719}
  m_Enabled: 1
  m_CastShadows: 1
  m_ReceiveShadows: 1
  m_MotionVectors: 1
  m_LightProbeUsage: 1
  m_ReflectionProbeUsage: 1
  m_Materials:
  - {fileID: 2100000, guid: c5c76d154aff12d4da114cffc329e552, type: 2}
  m_StaticBatchInfo:
    firstSubMesh: 0
    subMeshCount: 0
  m_StaticBatchRoot: {fileID: 0}
  m_ProbeAnchor: {fileID: 0}
  m_LightProbeVolumeOverride: {fileID: 0}
  m_ScaleInLightmap: 1
  m_PreserveUVs: 1
  m_IgnoreNormalsForChartDetection: 0
  m_ImportantGI: 0
  m_SelectedEditorRenderState: 3
  m_MinimumChartSize: 4
  m_AutoUVMaxDistance: 0.5
  m_AutoUVMaxAngle: 89
  m_LightmapParameters: {fileID: 0}
  m_SortingLayerID: 0
  m_SortingLayer: 0
  m_SortingOrder: 0
--- !u!65 &1398862721
BoxCollider:
  m_ObjectHideFlags: 0
  m_PrefabParentObject: {fileID: 65778909295844552, guid: c8b83292086a1ef4fa9bc2997ccda2f7,
    type: 2}
  m_PrefabInternal: {fileID: 1729593974}
  m_GameObject: {fileID: 1398862719}
  m_Material: {fileID: 0}
  m_IsTrigger: 0
  m_Enabled: 1
  serializedVersion: 2
  m_Size: {x: 1, y: 1, z: 1}
  m_Center: {x: 0, y: 0, z: 0}
--- !u!33 &1398862722
MeshFilter:
  m_ObjectHideFlags: 0
  m_PrefabParentObject: {fileID: 33614741130306146, guid: c8b83292086a1ef4fa9bc2997ccda2f7,
    type: 2}
  m_PrefabInternal: {fileID: 1729593974}
  m_GameObject: {fileID: 1398862719}
  m_Mesh: {fileID: 10202, guid: 0000000000000000e000000000000000, type: 0}
--- !u!4 &1398862723
Transform:
  m_ObjectHideFlags: 0
  m_PrefabParentObject: {fileID: 4844195618521072, guid: c8b83292086a1ef4fa9bc2997ccda2f7,
    type: 2}
  m_PrefabInternal: {fileID: 1729593974}
  m_GameObject: {fileID: 1398862719}
  m_LocalRotation: {x: 0, y: 0, z: 0, w: 1}
  m_LocalPosition: {x: -22.21, y: 99.83, z: 78.06}
  m_LocalScale: {x: 50, y: 1, z: 50}
  m_Children: []
  m_Father: {fileID: 0}
  m_RootOrder: 3
  m_LocalEulerAnglesHint: {x: 0, y: 0, z: 0}
--- !u!1 &1403332879 stripped
GameObject:
  m_PrefabParentObject: {fileID: 1074994750746910, guid: 6d7afa73fcb1fce4cb4b65361a29bcbd,
    type: 2}
  m_PrefabInternal: {fileID: 1380168811}
--- !u!1 &1431394101 stripped
GameObject:
  m_PrefabParentObject: {fileID: 1074994750746910, guid: 6d7afa73fcb1fce4cb4b65361a29bcbd,
    type: 2}
  m_PrefabInternal: {fileID: 1496271021}
--- !u!95 &1431394102
Animator:
  serializedVersion: 3
  m_ObjectHideFlags: 0
  m_PrefabParentObject: {fileID: 0}
  m_PrefabInternal: {fileID: 0}
  m_GameObject: {fileID: 1431394101}
  m_Enabled: 1
  m_Avatar: {fileID: 0}
  m_Controller: {fileID: 0}
  m_CullingMode: 0
  m_UpdateMode: 0
  m_ApplyRootMotion: 1
  m_LinearVelocityBlending: 0
  m_WarningMessage: 
  m_HasTransformHierarchy: 1
  m_AllowConstantClipSamplingOptimization: 1
--- !u!114 &1431394103
MonoBehaviour:
  m_ObjectHideFlags: 0
  m_PrefabParentObject: {fileID: 0}
  m_PrefabInternal: {fileID: 0}
  m_GameObject: {fileID: 1431394101}
  m_Enabled: 1
  m_EditorHideFlags: 0
  m_Script: {fileID: 11500000, guid: 2d889208db09eca41aefcfb70b83f12d, type: 3}
  m_Name: 
  m_EditorClassIdentifier: 
  deathFX: {fileID: 1454121923635682, guid: 0b7437e59012b6340985b902378fa214, type: 2}
  parent: {fileID: 233051675}
  scorePerHit: 5
  hits: 3
--- !u!4 &1431394106 stripped
Transform:
  m_PrefabParentObject: {fileID: 4990607877152018, guid: 6d7afa73fcb1fce4cb4b65361a29bcbd,
    type: 2}
  m_PrefabInternal: {fileID: 1496271021}
--- !u!1001 &1463560666
Prefab:
  m_ObjectHideFlags: 0
  serializedVersion: 2
  m_Modification:
    m_TransformParent: {fileID: 1314930090}
    m_Modifications:
    - target: {fileID: 4323500251066926, guid: 6d9498b4ed5ba824d95dc9144973c4ea, type: 2}
      propertyPath: m_LocalPosition.x
      value: -60.1
      objectReference: {fileID: 0}
    - target: {fileID: 4323500251066926, guid: 6d9498b4ed5ba824d95dc9144973c4ea, type: 2}
      propertyPath: m_LocalPosition.y
      value: 123.5
      objectReference: {fileID: 0}
    - target: {fileID: 4323500251066926, guid: 6d9498b4ed5ba824d95dc9144973c4ea, type: 2}
      propertyPath: m_LocalPosition.z
      value: 371.9
      objectReference: {fileID: 0}
    - target: {fileID: 4323500251066926, guid: 6d9498b4ed5ba824d95dc9144973c4ea, type: 2}
      propertyPath: m_LocalRotation.x
      value: 0
      objectReference: {fileID: 0}
    - target: {fileID: 4323500251066926, guid: 6d9498b4ed5ba824d95dc9144973c4ea, type: 2}
      propertyPath: m_LocalRotation.y
      value: 0
      objectReference: {fileID: 0}
    - target: {fileID: 4323500251066926, guid: 6d9498b4ed5ba824d95dc9144973c4ea, type: 2}
      propertyPath: m_LocalRotation.z
      value: 0
      objectReference: {fileID: 0}
    - target: {fileID: 4323500251066926, guid: 6d9498b4ed5ba824d95dc9144973c4ea, type: 2}
      propertyPath: m_LocalRotation.w
      value: 1
      objectReference: {fileID: 0}
    - target: {fileID: 4323500251066926, guid: 6d9498b4ed5ba824d95dc9144973c4ea, type: 2}
      propertyPath: m_RootOrder
      value: 0
      objectReference: {fileID: 0}
    - target: {fileID: 23361181384685140, guid: 6d9498b4ed5ba824d95dc9144973c4ea,
        type: 2}
      propertyPath: m_Materials.Array.data[0]
      value: 
      objectReference: {fileID: 2100000, guid: 43d8d8ce3e4cebe47993cfc0f6764f60, type: 2}
    m_RemovedComponents: []
  m_ParentPrefab: {fileID: 100100000, guid: 6d9498b4ed5ba824d95dc9144973c4ea, type: 2}
  m_IsPrefabParent: 0
--- !u!1001 &1496271021
Prefab:
  m_ObjectHideFlags: 0
  serializedVersion: 2
  m_Modification:
    m_TransformParent: {fileID: 1139461991}
    m_Modifications:
    - target: {fileID: 4990607877152018, guid: 6d7afa73fcb1fce4cb4b65361a29bcbd, type: 2}
      propertyPath: m_LocalPosition.x
      value: -1.3
      objectReference: {fileID: 0}
    - target: {fileID: 4990607877152018, guid: 6d7afa73fcb1fce4cb4b65361a29bcbd, type: 2}
      propertyPath: m_LocalPosition.y
      value: -7.3
      objectReference: {fileID: 0}
    - target: {fileID: 4990607877152018, guid: 6d7afa73fcb1fce4cb4b65361a29bcbd, type: 2}
      propertyPath: m_LocalPosition.z
      value: -13.8
      objectReference: {fileID: 0}
    - target: {fileID: 4990607877152018, guid: 6d7afa73fcb1fce4cb4b65361a29bcbd, type: 2}
      propertyPath: m_LocalRotation.x
      value: -0.2054407
      objectReference: {fileID: 0}
    - target: {fileID: 4990607877152018, guid: 6d7afa73fcb1fce4cb4b65361a29bcbd, type: 2}
      propertyPath: m_LocalRotation.y
      value: 0.7605755
      objectReference: {fileID: 0}
    - target: {fileID: 4990607877152018, guid: 6d7afa73fcb1fce4cb4b65361a29bcbd, type: 2}
      propertyPath: m_LocalRotation.z
      value: 0.545121
      objectReference: {fileID: 0}
    - target: {fileID: 4990607877152018, guid: 6d7afa73fcb1fce4cb4b65361a29bcbd, type: 2}
      propertyPath: m_LocalRotation.w
      value: 0.2866394
      objectReference: {fileID: 0}
    - target: {fileID: 4990607877152018, guid: 6d7afa73fcb1fce4cb4b65361a29bcbd, type: 2}
      propertyPath: m_RootOrder
      value: 1
      objectReference: {fileID: 0}
    - target: {fileID: 4990607877152018, guid: 6d7afa73fcb1fce4cb4b65361a29bcbd, type: 2}
      propertyPath: m_LocalEulerAnglesHint.y
      value: 0.00000009616161
      objectReference: {fileID: 0}
    - target: {fileID: 4990607877152018, guid: 6d7afa73fcb1fce4cb4b65361a29bcbd, type: 2}
      propertyPath: m_LocalEulerAnglesHint.x
      value: 0.00000470218
      objectReference: {fileID: 0}
    - target: {fileID: 4990607877152018, guid: 6d7afa73fcb1fce4cb4b65361a29bcbd, type: 2}
      propertyPath: m_LocalScale.z
      value: 20.00001
      objectReference: {fileID: 0}
    - target: {fileID: 65651017678586340, guid: 6d7afa73fcb1fce4cb4b65361a29bcbd,
        type: 2}
      propertyPath: m_IsTrigger
      value: 0
      objectReference: {fileID: 0}
    - target: {fileID: 4990607877152018, guid: 6d7afa73fcb1fce4cb4b65361a29bcbd, type: 2}
      propertyPath: m_LocalEulerAnglesHint.z
      value: 0.000004000636
      objectReference: {fileID: 0}
    - target: {fileID: 4990607877152018, guid: 6d7afa73fcb1fce4cb4b65361a29bcbd, type: 2}
      propertyPath: m_LocalScale.x
      value: 20.000008
      objectReference: {fileID: 0}
    - target: {fileID: 4990607877152018, guid: 6d7afa73fcb1fce4cb4b65361a29bcbd, type: 2}
      propertyPath: m_LocalScale.y
      value: 20.000006
      objectReference: {fileID: 0}
    - target: {fileID: 1074994750746910, guid: 6d7afa73fcb1fce4cb4b65361a29bcbd, type: 2}
      propertyPath: m_Name
      value: Ship_03 (1)
      objectReference: {fileID: 0}
    m_RemovedComponents: []
  m_ParentPrefab: {fileID: 100100000, guid: 6d7afa73fcb1fce4cb4b65361a29bcbd, type: 2}
  m_IsPrefabParent: 0
--- !u!1001 &1520406642
Prefab:
  m_ObjectHideFlags: 0
  serializedVersion: 2
  m_Modification:
    m_TransformParent: {fileID: 87735771}
    m_Modifications:
    - target: {fileID: 4297903502670248, guid: 726272ec78dd60649ab66aa049e44276, type: 2}
      propertyPath: m_LocalPosition.x
      value: -0.42
      objectReference: {fileID: 0}
    - target: {fileID: 4297903502670248, guid: 726272ec78dd60649ab66aa049e44276, type: 2}
      propertyPath: m_LocalPosition.y
      value: -0.34
      objectReference: {fileID: 0}
    - target: {fileID: 4297903502670248, guid: 726272ec78dd60649ab66aa049e44276, type: 2}
      propertyPath: m_LocalPosition.z
      value: -1.68
      objectReference: {fileID: 0}
    - target: {fileID: 4297903502670248, guid: 726272ec78dd60649ab66aa049e44276, type: 2}
      propertyPath: m_LocalRotation.x
      value: 0.03293473
      objectReference: {fileID: 0}
    - target: {fileID: 4297903502670248, guid: 726272ec78dd60649ab66aa049e44276, type: 2}
      propertyPath: m_LocalRotation.y
      value: 0.043523666
      objectReference: {fileID: 0}
    - target: {fileID: 4297903502670248, guid: 726272ec78dd60649ab66aa049e44276, type: 2}
      propertyPath: m_LocalRotation.z
      value: 0.014157215
      objectReference: {fileID: 0}
    - target: {fileID: 4297903502670248, guid: 726272ec78dd60649ab66aa049e44276, type: 2}
      propertyPath: m_LocalRotation.w
      value: 0.99840903
      objectReference: {fileID: 0}
    - target: {fileID: 4297903502670248, guid: 726272ec78dd60649ab66aa049e44276, type: 2}
      propertyPath: m_RootOrder
      value: 3
      objectReference: {fileID: 0}
    - target: {fileID: 4297903502670248, guid: 726272ec78dd60649ab66aa049e44276, type: 2}
      propertyPath: m_LocalScale.x
      value: 0.099999994
      objectReference: {fileID: 0}
    - target: {fileID: 4297903502670248, guid: 726272ec78dd60649ab66aa049e44276, type: 2}
      propertyPath: m_LocalScale.y
      value: 0.09999998
      objectReference: {fileID: 0}
    - target: {fileID: 4297903502670248, guid: 726272ec78dd60649ab66aa049e44276, type: 2}
      propertyPath: m_LocalScale.z
      value: 0.19999999
      objectReference: {fileID: 0}
    - target: {fileID: 4297903502670248, guid: 726272ec78dd60649ab66aa049e44276, type: 2}
      propertyPath: m_LocalEulerAnglesHint.x
      value: 3.7
      objectReference: {fileID: 0}
    - target: {fileID: 1809280672802518, guid: 726272ec78dd60649ab66aa049e44276, type: 2}
      propertyPath: m_Name
      value: Jet Particles Purple (1)
      objectReference: {fileID: 0}
    - target: {fileID: 198440698820820494, guid: 726272ec78dd60649ab66aa049e44276,
        type: 2}
      propertyPath: randomSeed
      value: -50649600
      objectReference: {fileID: 0}
    m_RemovedComponents: []
  m_ParentPrefab: {fileID: 100100000, guid: 726272ec78dd60649ab66aa049e44276, type: 2}
  m_IsPrefabParent: 0
--- !u!1 &1554583818 stripped
GameObject:
  m_PrefabParentObject: {fileID: 1074994750746910, guid: 6d7afa73fcb1fce4cb4b65361a29bcbd,
    type: 2}
  m_PrefabInternal: {fileID: 303622009}
--- !u!114 &1554583819
MonoBehaviour:
  m_ObjectHideFlags: 0
  m_PrefabParentObject: {fileID: 0}
  m_PrefabInternal: {fileID: 0}
  m_GameObject: {fileID: 1554583818}
  m_Enabled: 1
  m_EditorHideFlags: 0
  m_Script: {fileID: 11500000, guid: 2d889208db09eca41aefcfb70b83f12d, type: 3}
  m_Name: 
  m_EditorClassIdentifier: 
  deathFX: {fileID: 1454121923635682, guid: 0b7437e59012b6340985b902378fa214, type: 2}
  parent: {fileID: 233051675}
  scorePerHit: 5
  hits: 3
--- !u!95 &1554583820
Animator:
  serializedVersion: 3
  m_ObjectHideFlags: 0
  m_PrefabParentObject: {fileID: 0}
  m_PrefabInternal: {fileID: 0}
  m_GameObject: {fileID: 1554583818}
  m_Enabled: 1
  m_Avatar: {fileID: 0}
  m_Controller: {fileID: 0}
  m_CullingMode: 0
  m_UpdateMode: 0
  m_ApplyRootMotion: 1
  m_LinearVelocityBlending: 0
  m_WarningMessage: 
  m_HasTransformHierarchy: 1
  m_AllowConstantClipSamplingOptimization: 1
--- !u!4 &1554583823 stripped
Transform:
  m_PrefabParentObject: {fileID: 4990607877152018, guid: 6d7afa73fcb1fce4cb4b65361a29bcbd,
    type: 2}
  m_PrefabInternal: {fileID: 303622009}
--- !u!1001 &1565537209
Prefab:
  m_ObjectHideFlags: 0
  serializedVersion: 2
  m_Modification:
    m_TransformParent: {fileID: 1359698184}
    m_Modifications:
    - target: {fileID: 4990607877152018, guid: 6d7afa73fcb1fce4cb4b65361a29bcbd, type: 2}
      propertyPath: m_LocalPosition.x
      value: 6.397499
      objectReference: {fileID: 0}
    - target: {fileID: 4990607877152018, guid: 6d7afa73fcb1fce4cb4b65361a29bcbd, type: 2}
      propertyPath: m_LocalPosition.y
      value: -11.9277725
      objectReference: {fileID: 0}
    - target: {fileID: 4990607877152018, guid: 6d7afa73fcb1fce4cb4b65361a29bcbd, type: 2}
      propertyPath: m_LocalPosition.z
      value: 11.0546875
      objectReference: {fileID: 0}
    - target: {fileID: 4990607877152018, guid: 6d7afa73fcb1fce4cb4b65361a29bcbd, type: 2}
      propertyPath: m_LocalRotation.x
      value: -0
      objectReference: {fileID: 0}
    - target: {fileID: 4990607877152018, guid: 6d7afa73fcb1fce4cb4b65361a29bcbd, type: 2}
      propertyPath: m_LocalRotation.y
      value: -0.7071068
      objectReference: {fileID: 0}
    - target: {fileID: 4990607877152018, guid: 6d7afa73fcb1fce4cb4b65361a29bcbd, type: 2}
      propertyPath: m_LocalRotation.z
      value: -0.7071068
      objectReference: {fileID: 0}
    - target: {fileID: 4990607877152018, guid: 6d7afa73fcb1fce4cb4b65361a29bcbd, type: 2}
      propertyPath: m_LocalRotation.w
      value: 0
      objectReference: {fileID: 0}
    - target: {fileID: 4990607877152018, guid: 6d7afa73fcb1fce4cb4b65361a29bcbd, type: 2}
      propertyPath: m_RootOrder
      value: 4
      objectReference: {fileID: 0}
    - target: {fileID: 4990607877152018, guid: 6d7afa73fcb1fce4cb4b65361a29bcbd, type: 2}
      propertyPath: m_LocalScale.x
      value: 20.000021
      objectReference: {fileID: 0}
    - target: {fileID: 4990607877152018, guid: 6d7afa73fcb1fce4cb4b65361a29bcbd, type: 2}
      propertyPath: m_LocalScale.y
      value: 20
      objectReference: {fileID: 0}
    - target: {fileID: 4990607877152018, guid: 6d7afa73fcb1fce4cb4b65361a29bcbd, type: 2}
      propertyPath: m_LocalScale.z
      value: 20
      objectReference: {fileID: 0}
    - target: {fileID: 65651017678586340, guid: 6d7afa73fcb1fce4cb4b65361a29bcbd,
        type: 2}
      propertyPath: m_IsTrigger
      value: 0
      objectReference: {fileID: 0}
    m_RemovedComponents: []
  m_ParentPrefab: {fileID: 100100000, guid: 6d7afa73fcb1fce4cb4b65361a29bcbd, type: 2}
  m_IsPrefabParent: 0
--- !u!1 &1648515825
GameObject:
  m_ObjectHideFlags: 0
  m_PrefabParentObject: {fileID: 0}
  m_PrefabInternal: {fileID: 0}
  serializedVersion: 5
  m_Component:
  - component: {fileID: 1648515828}
  - component: {fileID: 1648515827}
  - component: {fileID: 1648515826}
  m_Layer: 0
  m_Name: Master Timeline
  m_TagString: Untagged
  m_Icon: {fileID: 0}
  m_NavMeshLayer: 0
  m_StaticEditorFlags: 0
  m_IsActive: 1
--- !u!95 &1648515826
Animator:
  serializedVersion: 3
  m_ObjectHideFlags: 0
  m_PrefabParentObject: {fileID: 0}
  m_PrefabInternal: {fileID: 0}
  m_GameObject: {fileID: 1648515825}
  m_Enabled: 1
  m_Avatar: {fileID: 0}
  m_Controller: {fileID: 0}
  m_CullingMode: 0
  m_UpdateMode: 0
  m_ApplyRootMotion: 1
  m_LinearVelocityBlending: 0
  m_WarningMessage: 
  m_HasTransformHierarchy: 1
  m_AllowConstantClipSamplingOptimization: 1
--- !u!320 &1648515827
PlayableDirector:
  m_ObjectHideFlags: 0
  m_PrefabParentObject: {fileID: 0}
  m_PrefabInternal: {fileID: 0}
  m_GameObject: {fileID: 1648515825}
  m_Enabled: 1
  serializedVersion: 3
  m_PlayableAsset: {fileID: 11400000, guid: 7964f87bb33dd1341a5dc21889c47578, type: 2}
  m_InitialState: 1
  m_WrapMode: 2
  m_DirectorUpdateMode: 1
  m_InitialTime: 0
  m_SceneBindings:
  - key: {fileID: 114260101155716150, guid: 7964f87bb33dd1341a5dc21889c47578, type: 2}
    value: {fileID: 516629095}
  - key: {fileID: 114106991606003690, guid: 7964f87bb33dd1341a5dc21889c47578, type: 2}
    value: {fileID: 0}
  - key: {fileID: 114942745984621754, guid: 7964f87bb33dd1341a5dc21889c47578, type: 2}
    value: {fileID: 0}
  - key: {fileID: 114573560633602178, guid: 7964f87bb33dd1341a5dc21889c47578, type: 2}
    value: {fileID: 0}
  - key: {fileID: 114892374666870738, guid: 7964f87bb33dd1341a5dc21889c47578, type: 2}
    value: {fileID: 0}
  - key: {fileID: 114602737833899164, guid: 7964f87bb33dd1341a5dc21889c47578, type: 2}
    value: {fileID: 0}
  - key: {fileID: 114665991603422178, guid: 7964f87bb33dd1341a5dc21889c47578, type: 2}
    value: {fileID: 0}
  - key: {fileID: 114594564743608668, guid: 7964f87bb33dd1341a5dc21889c47578, type: 2}
    value: {fileID: 0}
  m_ExposedReferences:
    m_References:
    - fcade479fb5fe1f4984902a9334bada9: {fileID: 831660957}
    - 183e32453ae656f45bedfd1ac5d78954: {fileID: 165616743}
    - 4a77a48cd269624409eb0fa300df1e71: {fileID: 1139461988}
--- !u!4 &1648515828
Transform:
  m_ObjectHideFlags: 0
  m_PrefabParentObject: {fileID: 0}
  m_PrefabInternal: {fileID: 0}
  m_GameObject: {fileID: 1648515825}
  m_LocalRotation: {x: -0, y: -0, z: -0, w: 1}
  m_LocalPosition: {x: -33.3, y: 113.09, z: 74.68}
  m_LocalScale: {x: 1, y: 1, z: 1}
  m_Children: []
  m_Father: {fileID: 0}
  m_RootOrder: 11
  m_LocalEulerAnglesHint: {x: 0, y: 0, z: 0}
--- !u!1001 &1666846701
Prefab:
  m_ObjectHideFlags: 0
  serializedVersion: 2
  m_Modification:
    m_TransformParent: {fileID: 516629100}
    m_Modifications:
    - target: {fileID: 114714385527942202, guid: 648e4049d91ca1440824de5bea37d176,
        type: 2}
      propertyPath: guns.Array.size
      value: 2
      objectReference: {fileID: 0}
    - target: {fileID: 4040651647998346, guid: 648e4049d91ca1440824de5bea37d176, type: 2}
      propertyPath: m_LocalPosition.x
      value: -0
      objectReference: {fileID: 0}
    - target: {fileID: 4040651647998346, guid: 648e4049d91ca1440824de5bea37d176, type: 2}
      propertyPath: m_LocalPosition.y
      value: -2.12
      objectReference: {fileID: 0}
    - target: {fileID: 4040651647998346, guid: 648e4049d91ca1440824de5bea37d176, type: 2}
      propertyPath: m_LocalPosition.z
      value: 10.83
      objectReference: {fileID: 0}
    - target: {fileID: 4040651647998346, guid: 648e4049d91ca1440824de5bea37d176, type: 2}
      propertyPath: m_LocalRotation.x
      value: 0
      objectReference: {fileID: 0}
    - target: {fileID: 4040651647998346, guid: 648e4049d91ca1440824de5bea37d176, type: 2}
      propertyPath: m_LocalRotation.y
      value: 0
      objectReference: {fileID: 0}
    - target: {fileID: 4040651647998346, guid: 648e4049d91ca1440824de5bea37d176, type: 2}
      propertyPath: m_LocalRotation.z
      value: 0
      objectReference: {fileID: 0}
    - target: {fileID: 4040651647998346, guid: 648e4049d91ca1440824de5bea37d176, type: 2}
      propertyPath: m_LocalRotation.w
      value: 1
      objectReference: {fileID: 0}
    - target: {fileID: 4040651647998346, guid: 648e4049d91ca1440824de5bea37d176, type: 2}
      propertyPath: m_RootOrder
      value: 0
      objectReference: {fileID: 0}
    - target: {fileID: 1043482176009450, guid: 648e4049d91ca1440824de5bea37d176, type: 2}
      propertyPath: m_Name
      value: Gun Right
      objectReference: {fileID: 0}
    - target: {fileID: 1736764735156928, guid: 648e4049d91ca1440824de5bea37d176, type: 2}
      propertyPath: m_Name
      value: Gun Left
      objectReference: {fileID: 0}
    - target: {fileID: 114714385527942202, guid: 648e4049d91ca1440824de5bea37d176,
        type: 2}
      propertyPath: guns.Array.data[0]
      value: 
      objectReference: {fileID: 1666846703}
    - target: {fileID: 114714385527942202, guid: 648e4049d91ca1440824de5bea37d176,
        type: 2}
      propertyPath: guns.Array.data[1]
      value: 
      objectReference: {fileID: 1666846702}
    - target: {fileID: 4040651647998346, guid: 648e4049d91ca1440824de5bea37d176, type: 2}
      propertyPath: m_LocalEulerAnglesHint.y
      value: 0
      objectReference: {fileID: 0}
    m_RemovedComponents: []
  m_ParentPrefab: {fileID: 100100000, guid: 648e4049d91ca1440824de5bea37d176, type: 2}
  m_IsPrefabParent: 0
--- !u!1 &1666846702 stripped
GameObject:
  m_PrefabParentObject: {fileID: 1736764735156928, guid: 648e4049d91ca1440824de5bea37d176,
    type: 2}
  m_PrefabInternal: {fileID: 1666846701}
--- !u!1 &1666846703 stripped
GameObject:
  m_PrefabParentObject: {fileID: 1043482176009450, guid: 648e4049d91ca1440824de5bea37d176,
    type: 2}
  m_PrefabInternal: {fileID: 1666846701}
--- !u!4 &1674172623 stripped
Transform:
  m_PrefabParentObject: {fileID: 4069866118125656, guid: bb7599871142bcd41bace4e2b151829a,
    type: 2}
  m_PrefabInternal: {fileID: 773699915}
--- !u!1001 &1694455916
Prefab:
  m_ObjectHideFlags: 0
  serializedVersion: 2
  m_Modification:
    m_TransformParent: {fileID: 87735771}
    m_Modifications:
    - target: {fileID: 4940884351362868, guid: a3553fd250eb92d4091bebde350c6739, type: 2}
      propertyPath: m_LocalPosition.x
      value: 0.54
      objectReference: {fileID: 0}
    - target: {fileID: 4940884351362868, guid: a3553fd250eb92d4091bebde350c6739, type: 2}
      propertyPath: m_LocalPosition.y
      value: -0.31
      objectReference: {fileID: 0}
    - target: {fileID: 4940884351362868, guid: a3553fd250eb92d4091bebde350c6739, type: 2}
      propertyPath: m_LocalPosition.z
      value: -1.76
      objectReference: {fileID: 0}
    - target: {fileID: 4940884351362868, guid: a3553fd250eb92d4091bebde350c6739, type: 2}
      propertyPath: m_LocalRotation.x
      value: 0.03293473
      objectReference: {fileID: 0}
    - target: {fileID: 4940884351362868, guid: a3553fd250eb92d4091bebde350c6739, type: 2}
      propertyPath: m_LocalRotation.y
      value: 0.043523666
      objectReference: {fileID: 0}
    - target: {fileID: 4940884351362868, guid: a3553fd250eb92d4091bebde350c6739, type: 2}
      propertyPath: m_LocalRotation.z
      value: 0.014157215
      objectReference: {fileID: 0}
    - target: {fileID: 4940884351362868, guid: a3553fd250eb92d4091bebde350c6739, type: 2}
      propertyPath: m_LocalRotation.w
      value: 0.99840903
      objectReference: {fileID: 0}
    - target: {fileID: 4940884351362868, guid: a3553fd250eb92d4091bebde350c6739, type: 2}
      propertyPath: m_RootOrder
      value: 5
      objectReference: {fileID: 0}
    - target: {fileID: 4940884351362868, guid: a3553fd250eb92d4091bebde350c6739, type: 2}
      propertyPath: m_LocalScale.x
      value: 0.1
      objectReference: {fileID: 0}
    - target: {fileID: 4940884351362868, guid: a3553fd250eb92d4091bebde350c6739, type: 2}
      propertyPath: m_LocalScale.y
      value: 0.1
      objectReference: {fileID: 0}
    - target: {fileID: 4940884351362868, guid: a3553fd250eb92d4091bebde350c6739, type: 2}
      propertyPath: m_LocalScale.z
      value: 0.2
      objectReference: {fileID: 0}
    - target: {fileID: 4940884351362868, guid: a3553fd250eb92d4091bebde350c6739, type: 2}
      propertyPath: m_LocalEulerAnglesHint.x
      value: 3.7
      objectReference: {fileID: 0}
    - target: {fileID: 4940884351362868, guid: a3553fd250eb92d4091bebde350c6739, type: 2}
      propertyPath: m_LocalEulerAnglesHint.y
      value: 5.049988
      objectReference: {fileID: 0}
    - target: {fileID: 4940884351362868, guid: a3553fd250eb92d4091bebde350c6739, type: 2}
      propertyPath: m_LocalEulerAnglesHint.z
      value: 1.7879944
      objectReference: {fileID: 0}
    - target: {fileID: 198100719057022332, guid: a3553fd250eb92d4091bebde350c6739,
        type: 2}
      propertyPath: randomSeed
      value: 606159439
      objectReference: {fileID: 0}
    m_RemovedComponents: []
  m_ParentPrefab: {fileID: 100100000, guid: a3553fd250eb92d4091bebde350c6739, type: 2}
  m_IsPrefabParent: 0
--- !u!1001 &1729593974
Prefab:
  m_ObjectHideFlags: 0
  serializedVersion: 2
  m_Modification:
    m_TransformParent: {fileID: 0}
    m_Modifications:
    - target: {fileID: 4844195618521072, guid: c8b83292086a1ef4fa9bc2997ccda2f7, type: 2}
      propertyPath: m_LocalPosition.x
      value: -22.21
      objectReference: {fileID: 0}
    - target: {fileID: 4844195618521072, guid: c8b83292086a1ef4fa9bc2997ccda2f7, type: 2}
      propertyPath: m_LocalPosition.y
      value: 99.83
      objectReference: {fileID: 0}
    - target: {fileID: 4844195618521072, guid: c8b83292086a1ef4fa9bc2997ccda2f7, type: 2}
      propertyPath: m_LocalPosition.z
      value: 78.06
      objectReference: {fileID: 0}
    - target: {fileID: 4844195618521072, guid: c8b83292086a1ef4fa9bc2997ccda2f7, type: 2}
      propertyPath: m_LocalRotation.x
      value: 0
      objectReference: {fileID: 0}
    - target: {fileID: 4844195618521072, guid: c8b83292086a1ef4fa9bc2997ccda2f7, type: 2}
      propertyPath: m_LocalRotation.y
      value: 0
      objectReference: {fileID: 0}
    - target: {fileID: 4844195618521072, guid: c8b83292086a1ef4fa9bc2997ccda2f7, type: 2}
      propertyPath: m_LocalRotation.z
      value: 0
      objectReference: {fileID: 0}
    - target: {fileID: 4844195618521072, guid: c8b83292086a1ef4fa9bc2997ccda2f7, type: 2}
      propertyPath: m_LocalRotation.w
      value: 1
      objectReference: {fileID: 0}
    - target: {fileID: 4844195618521072, guid: c8b83292086a1ef4fa9bc2997ccda2f7, type: 2}
      propertyPath: m_RootOrder
      value: 2
      objectReference: {fileID: 0}
    - target: {fileID: 1146183114361038, guid: c8b83292086a1ef4fa9bc2997ccda2f7, type: 2}
      propertyPath: m_Name
      value: Staging Area
      objectReference: {fileID: 0}
    m_RemovedComponents: []
  m_ParentPrefab: {fileID: 100100000, guid: c8b83292086a1ef4fa9bc2997ccda2f7, type: 2}
  m_IsPrefabParent: 0
--- !u!1 &1748000920
GameObject:
  m_ObjectHideFlags: 0
  m_PrefabParentObject: {fileID: 0}
  m_PrefabInternal: {fileID: 0}
  serializedVersion: 5
  m_Component:
  - component: {fileID: 1748000923}
  - component: {fileID: 1748000922}
  - component: {fileID: 1748000921}
  m_Layer: 0
  m_Name: Terrain
  m_TagString: Untagged
  m_Icon: {fileID: 0}
  m_NavMeshLayer: 0
  m_StaticEditorFlags: 4294967295
  m_IsActive: 1
--- !u!154 &1748000921
TerrainCollider:
  m_ObjectHideFlags: 0
  m_PrefabParentObject: {fileID: 0}
  m_PrefabInternal: {fileID: 0}
  m_GameObject: {fileID: 1748000920}
  m_Material: {fileID: 0}
  m_Enabled: 1
  m_TerrainData: {fileID: 15600000, guid: 06eaf532a63501e4fbc3cdff33033db7, type: 2}
  m_EnableTreeColliders: 1
--- !u!218 &1748000922
Terrain:
  m_ObjectHideFlags: 0
  m_PrefabParentObject: {fileID: 0}
  m_PrefabInternal: {fileID: 0}
  m_GameObject: {fileID: 1748000920}
  m_Enabled: 1
  serializedVersion: 3
  m_TerrainData: {fileID: 15600000, guid: 06eaf532a63501e4fbc3cdff33033db7, type: 2}
  m_TreeDistance: 2000
  m_TreeBillboardDistance: 50
  m_TreeCrossFadeLength: 5
  m_TreeMaximumFullLODCount: 50
  m_DetailObjectDistance: 80
  m_DetailObjectDensity: 1
  m_HeightmapPixelError: 100
  m_SplatMapDistance: 2000
  m_HeightmapMaximumLOD: 0
  m_CastShadows: 1
  m_DrawHeightmap: 1
  m_DrawTreesAndFoliage: 1
  m_ReflectionProbeUsage: 1
  m_MaterialType: 0
  m_LegacySpecular:
    serializedVersion: 2
    rgba: 4286545791
  m_LegacyShininess: 0.078125
  m_MaterialTemplate: {fileID: 0}
  m_BakeLightProbesForTrees: 1
  m_ScaleInLightmap: 0.0512
  m_LightmapParameters: {fileID: 15203, guid: 0000000000000000f000000000000000, type: 0}
--- !u!4 &1748000923
Transform:
  m_ObjectHideFlags: 0
  m_PrefabParentObject: {fileID: 0}
  m_PrefabInternal: {fileID: 0}
  m_GameObject: {fileID: 1748000920}
  m_LocalRotation: {x: 0, y: 0, z: 0, w: 1}
  m_LocalPosition: {x: -250, y: 0, z: -250}
  m_LocalScale: {x: 1, y: 1, z: 1}
  m_Children: []
  m_Father: {fileID: 0}
  m_RootOrder: 4
  m_LocalEulerAnglesHint: {x: 0, y: 0, z: 0}
--- !u!1001 &1749508990
Prefab:
  m_ObjectHideFlags: 0
  serializedVersion: 2
  m_Modification:
    m_TransformParent: {fileID: 165616746}
    m_Modifications:
    - target: {fileID: 4990607877152018, guid: 6d7afa73fcb1fce4cb4b65361a29bcbd, type: 2}
      propertyPath: m_LocalPosition.x
      value: 234.75702
      objectReference: {fileID: 0}
    - target: {fileID: 4990607877152018, guid: 6d7afa73fcb1fce4cb4b65361a29bcbd, type: 2}
      propertyPath: m_LocalPosition.y
      value: -128.63472
      objectReference: {fileID: 0}
    - target: {fileID: 4990607877152018, guid: 6d7afa73fcb1fce4cb4b65361a29bcbd, type: 2}
      propertyPath: m_LocalPosition.z
      value: -282.49963
      objectReference: {fileID: 0}
    - target: {fileID: 4990607877152018, guid: 6d7afa73fcb1fce4cb4b65361a29bcbd, type: 2}
      propertyPath: m_LocalRotation.x
      value: -0.2054407
      objectReference: {fileID: 0}
    - target: {fileID: 4990607877152018, guid: 6d7afa73fcb1fce4cb4b65361a29bcbd, type: 2}
      propertyPath: m_LocalRotation.y
      value: 0.7605755
      objectReference: {fileID: 0}
    - target: {fileID: 4990607877152018, guid: 6d7afa73fcb1fce4cb4b65361a29bcbd, type: 2}
      propertyPath: m_LocalRotation.z
      value: 0.545121
      objectReference: {fileID: 0}
    - target: {fileID: 4990607877152018, guid: 6d7afa73fcb1fce4cb4b65361a29bcbd, type: 2}
      propertyPath: m_LocalRotation.w
      value: 0.2866394
      objectReference: {fileID: 0}
    - target: {fileID: 4990607877152018, guid: 6d7afa73fcb1fce4cb4b65361a29bcbd, type: 2}
      propertyPath: m_RootOrder
      value: 1
      objectReference: {fileID: 0}
    - target: {fileID: 4990607877152018, guid: 6d7afa73fcb1fce4cb4b65361a29bcbd, type: 2}
      propertyPath: m_LocalEulerAnglesHint.y
      value: 0.00000009616161
      objectReference: {fileID: 0}
    - target: {fileID: 4990607877152018, guid: 6d7afa73fcb1fce4cb4b65361a29bcbd, type: 2}
      propertyPath: m_LocalEulerAnglesHint.x
      value: 0.00000470218
      objectReference: {fileID: 0}
    - target: {fileID: 4990607877152018, guid: 6d7afa73fcb1fce4cb4b65361a29bcbd, type: 2}
      propertyPath: m_LocalScale.z
      value: 20.00001
      objectReference: {fileID: 0}
    - target: {fileID: 65651017678586340, guid: 6d7afa73fcb1fce4cb4b65361a29bcbd,
        type: 2}
      propertyPath: m_IsTrigger
      value: 0
      objectReference: {fileID: 0}
    - target: {fileID: 4990607877152018, guid: 6d7afa73fcb1fce4cb4b65361a29bcbd, type: 2}
      propertyPath: m_LocalEulerAnglesHint.z
      value: 0.000004000636
      objectReference: {fileID: 0}
    - target: {fileID: 4990607877152018, guid: 6d7afa73fcb1fce4cb4b65361a29bcbd, type: 2}
      propertyPath: m_LocalScale.x
      value: 20.000008
      objectReference: {fileID: 0}
    - target: {fileID: 4990607877152018, guid: 6d7afa73fcb1fce4cb4b65361a29bcbd, type: 2}
      propertyPath: m_LocalScale.y
      value: 20.000006
      objectReference: {fileID: 0}
    - target: {fileID: 1074994750746910, guid: 6d7afa73fcb1fce4cb4b65361a29bcbd, type: 2}
      propertyPath: m_Name
      value: Ship_03 (1)
      objectReference: {fileID: 0}
    m_RemovedComponents: []
  m_ParentPrefab: {fileID: 100100000, guid: 6d7afa73fcb1fce4cb4b65361a29bcbd, type: 2}
  m_IsPrefabParent: 0
--- !u!1 &1828840479 stripped
GameObject:
  m_PrefabParentObject: {fileID: 1875551938172112, guid: bb7599871142bcd41bace4e2b151829a,
    type: 2}
  m_PrefabInternal: {fileID: 773699915}
--- !u!114 &1828840483
MonoBehaviour:
  m_ObjectHideFlags: 0
  m_PrefabParentObject: {fileID: 0}
  m_PrefabInternal: {fileID: 0}
  m_GameObject: {fileID: 1828840479}
  m_Enabled: 1
  m_EditorHideFlags: 0
  m_Script: {fileID: 11500000, guid: 2d889208db09eca41aefcfb70b83f12d, type: 3}
  m_Name: 
  m_EditorClassIdentifier: 
  deathFX: {fileID: 1454121923635682, guid: 0b7437e59012b6340985b902378fa214, type: 2}
  parent: {fileID: 233051675}
  scorePerHit: 10
  hits: 3
--- !u!1 &1856158556 stripped
GameObject:
  m_PrefabParentObject: {fileID: 1074994750746910, guid: 6d7afa73fcb1fce4cb4b65361a29bcbd,
    type: 2}
  m_PrefabInternal: {fileID: 528779668}
--- !u!95 &1856158557
Animator:
  serializedVersion: 3
  m_ObjectHideFlags: 0
  m_PrefabParentObject: {fileID: 0}
  m_PrefabInternal: {fileID: 0}
  m_GameObject: {fileID: 1856158556}
  m_Enabled: 1
  m_Avatar: {fileID: 0}
  m_Controller: {fileID: 0}
  m_CullingMode: 0
  m_UpdateMode: 0
  m_ApplyRootMotion: 1
  m_LinearVelocityBlending: 0
  m_WarningMessage: 
  m_HasTransformHierarchy: 1
  m_AllowConstantClipSamplingOptimization: 1
--- !u!114 &1856158558
MonoBehaviour:
  m_ObjectHideFlags: 0
  m_PrefabParentObject: {fileID: 0}
  m_PrefabInternal: {fileID: 0}
  m_GameObject: {fileID: 1856158556}
  m_Enabled: 1
  m_EditorHideFlags: 0
  m_Script: {fileID: 11500000, guid: 2d889208db09eca41aefcfb70b83f12d, type: 3}
  m_Name: 
  m_EditorClassIdentifier: 
  deathFX: {fileID: 1454121923635682, guid: 0b7437e59012b6340985b902378fa214, type: 2}
  parent: {fileID: 233051675}
  scorePerHit: 5
  hits: 3
--- !u!4 &1856158561 stripped
Transform:
  m_PrefabParentObject: {fileID: 4990607877152018, guid: 6d7afa73fcb1fce4cb4b65361a29bcbd,
    type: 2}
  m_PrefabInternal: {fileID: 528779668}
--- !u!1 &1885642167 stripped
GameObject:
  m_PrefabParentObject: {fileID: 1074994750746910, guid: 6d7afa73fcb1fce4cb4b65361a29bcbd,
    type: 2}
  m_PrefabInternal: {fileID: 90131525}
--- !u!114 &1885642168
MonoBehaviour:
  m_ObjectHideFlags: 0
  m_PrefabParentObject: {fileID: 0}
  m_PrefabInternal: {fileID: 0}
  m_GameObject: {fileID: 1885642167}
  m_Enabled: 1
  m_EditorHideFlags: 0
  m_Script: {fileID: 11500000, guid: 2d889208db09eca41aefcfb70b83f12d, type: 3}
  m_Name: 
  m_EditorClassIdentifier: 
  deathFX: {fileID: 1454121923635682, guid: 0b7437e59012b6340985b902378fa214, type: 2}
  parent: {fileID: 233051675}
  scorePerHit: 5
  hits: 3
--- !u!95 &1885642169
Animator:
  serializedVersion: 3
  m_ObjectHideFlags: 0
  m_PrefabParentObject: {fileID: 0}
  m_PrefabInternal: {fileID: 0}
  m_GameObject: {fileID: 1885642167}
  m_Enabled: 1
  m_Avatar: {fileID: 0}
  m_Controller: {fileID: 0}
  m_CullingMode: 0
  m_UpdateMode: 0
  m_ApplyRootMotion: 1
  m_LinearVelocityBlending: 0
  m_WarningMessage: 
  m_HasTransformHierarchy: 1
  m_AllowConstantClipSamplingOptimization: 1
--- !u!4 &1885642172 stripped
Transform:
  m_PrefabParentObject: {fileID: 4990607877152018, guid: 6d7afa73fcb1fce4cb4b65361a29bcbd,
    type: 2}
  m_PrefabInternal: {fileID: 90131525}
--- !u!1 &1949959955
GameObject:
  m_ObjectHideFlags: 0
  m_PrefabParentObject: {fileID: 0}
  m_PrefabInternal: {fileID: 0}
  serializedVersion: 5
  m_Component:
  - component: {fileID: 1949959959}
  - component: {fileID: 1949959958}
  - component: {fileID: 1949959957}
  - component: {fileID: 1949959956}
  m_Layer: 5
  m_Name: Canvas
  m_TagString: Untagged
  m_Icon: {fileID: 0}
  m_NavMeshLayer: 0
  m_StaticEditorFlags: 0
  m_IsActive: 1
--- !u!114 &1949959956
MonoBehaviour:
  m_ObjectHideFlags: 0
  m_PrefabParentObject: {fileID: 0}
  m_PrefabInternal: {fileID: 0}
  m_GameObject: {fileID: 1949959955}
  m_Enabled: 1
  m_EditorHideFlags: 0
  m_Script: {fileID: 1301386320, guid: f70555f144d8491a825f0804e09c671c, type: 3}
  m_Name: 
  m_EditorClassIdentifier: 
  m_IgnoreReversedGraphics: 1
  m_BlockingObjects: 0
  m_BlockingMask:
    serializedVersion: 2
    m_Bits: 4294967295
--- !u!114 &1949959957
MonoBehaviour:
  m_ObjectHideFlags: 0
  m_PrefabParentObject: {fileID: 0}
  m_PrefabInternal: {fileID: 0}
  m_GameObject: {fileID: 1949959955}
  m_Enabled: 1
  m_EditorHideFlags: 0
  m_Script: {fileID: 1980459831, guid: f70555f144d8491a825f0804e09c671c, type: 3}
  m_Name: 
  m_EditorClassIdentifier: 
  m_UiScaleMode: 1
  m_ReferencePixelsPerUnit: 100
  m_ScaleFactor: 1
  m_ReferenceResolution: {x: 1920, y: 1080}
  m_ScreenMatchMode: 0
  m_MatchWidthOrHeight: 0
  m_PhysicalUnit: 3
  m_FallbackScreenDPI: 96
  m_DefaultSpriteDPI: 96
  m_DynamicPixelsPerUnit: 1
--- !u!223 &1949959958
Canvas:
  m_ObjectHideFlags: 0
  m_PrefabParentObject: {fileID: 0}
  m_PrefabInternal: {fileID: 0}
  m_GameObject: {fileID: 1949959955}
  m_Enabled: 1
  serializedVersion: 3
  m_RenderMode: 0
  m_Camera: {fileID: 0}
  m_PlaneDistance: 100
  m_PixelPerfect: 0
  m_ReceivesEvents: 1
  m_OverrideSorting: 0
  m_OverridePixelPerfect: 0
  m_SortingBucketNormalizedSize: 0
  m_AdditionalShaderChannelsFlag: 0
  m_SortingLayerID: 0
  m_SortingOrder: 0
  m_TargetDisplay: 0
--- !u!224 &1949959959
RectTransform:
  m_ObjectHideFlags: 0
  m_PrefabParentObject: {fileID: 0}
  m_PrefabInternal: {fileID: 0}
  m_GameObject: {fileID: 1949959955}
  m_LocalRotation: {x: 0, y: 0, z: 0, w: 1}
  m_LocalPosition: {x: 0, y: 0, z: 0}
  m_LocalScale: {x: 0, y: 0, z: 0}
  m_Children:
  - {fileID: 519635038}
  - {fileID: 831660960}
  m_Father: {fileID: 0}
  m_RootOrder: 9
  m_LocalEulerAnglesHint: {x: 0, y: 0, z: 0}
  m_AnchorMin: {x: 0, y: 0}
  m_AnchorMax: {x: 0, y: 0}
  m_AnchoredPosition: {x: 0, y: 0}
  m_SizeDelta: {x: 0, y: 0}
  m_Pivot: {x: 0, y: 0}
--- !u!1001 &1992194633
Prefab:
  m_ObjectHideFlags: 0
  serializedVersion: 2
  m_Modification:
    m_TransformParent: {fileID: 0}
    m_Modifications:
    - target: {fileID: 4172186616525480, guid: 8edd72177536c4041a502119bd3ca804, type: 2}
      propertyPath: m_LocalPosition.x
      value: 0
      objectReference: {fileID: 0}
    - target: {fileID: 4172186616525480, guid: 8edd72177536c4041a502119bd3ca804, type: 2}
      propertyPath: m_LocalPosition.y
      value: 0
      objectReference: {fileID: 0}
    - target: {fileID: 4172186616525480, guid: 8edd72177536c4041a502119bd3ca804, type: 2}
      propertyPath: m_LocalPosition.z
      value: 0
      objectReference: {fileID: 0}
    - target: {fileID: 4172186616525480, guid: 8edd72177536c4041a502119bd3ca804, type: 2}
      propertyPath: m_LocalRotation.x
      value: 0
      objectReference: {fileID: 0}
    - target: {fileID: 4172186616525480, guid: 8edd72177536c4041a502119bd3ca804, type: 2}
      propertyPath: m_LocalRotation.y
      value: 0
      objectReference: {fileID: 0}
    - target: {fileID: 4172186616525480, guid: 8edd72177536c4041a502119bd3ca804, type: 2}
      propertyPath: m_LocalRotation.z
      value: 0
      objectReference: {fileID: 0}
    - target: {fileID: 4172186616525480, guid: 8edd72177536c4041a502119bd3ca804, type: 2}
      propertyPath: m_LocalRotation.w
      value: 1
      objectReference: {fileID: 0}
    - target: {fileID: 4172186616525480, guid: 8edd72177536c4041a502119bd3ca804, type: 2}
      propertyPath: m_RootOrder
      value: 6
      objectReference: {fileID: 0}
    m_RemovedComponents: []
  m_ParentPrefab: {fileID: 100100000, guid: 8edd72177536c4041a502119bd3ca804, type: 2}
  m_IsPrefabParent: 0
--- !u!1001 &2085405601
Prefab:
  m_ObjectHideFlags: 0
  serializedVersion: 2
  m_Modification:
    m_TransformParent: {fileID: 1359698184}
    m_Modifications:
    - target: {fileID: 4990607877152018, guid: 6d7afa73fcb1fce4cb4b65361a29bcbd, type: 2}
      propertyPath: m_LocalPosition.x
      value: 1.5471344
      objectReference: {fileID: 0}
    - target: {fileID: 4990607877152018, guid: 6d7afa73fcb1fce4cb4b65361a29bcbd, type: 2}
      propertyPath: m_LocalPosition.y
      value: -3.8277664
      objectReference: {fileID: 0}
    - target: {fileID: 4990607877152018, guid: 6d7afa73fcb1fce4cb4b65361a29bcbd, type: 2}
      propertyPath: m_LocalPosition.z
      value: 0.11584473
      objectReference: {fileID: 0}
    - target: {fileID: 4990607877152018, guid: 6d7afa73fcb1fce4cb4b65361a29bcbd, type: 2}
      propertyPath: m_LocalRotation.x
      value: -0
      objectReference: {fileID: 0}
    - target: {fileID: 4990607877152018, guid: 6d7afa73fcb1fce4cb4b65361a29bcbd, type: 2}
      propertyPath: m_LocalRotation.y
      value: -0.7071068
      objectReference: {fileID: 0}
    - target: {fileID: 4990607877152018, guid: 6d7afa73fcb1fce4cb4b65361a29bcbd, type: 2}
      propertyPath: m_LocalRotation.z
      value: -0.7071068
      objectReference: {fileID: 0}
    - target: {fileID: 4990607877152018, guid: 6d7afa73fcb1fce4cb4b65361a29bcbd, type: 2}
      propertyPath: m_LocalRotation.w
      value: 0
      objectReference: {fileID: 0}
    - target: {fileID: 4990607877152018, guid: 6d7afa73fcb1fce4cb4b65361a29bcbd, type: 2}
      propertyPath: m_RootOrder
      value: 1
      objectReference: {fileID: 0}
    - target: {fileID: 1074994750746910, guid: 6d7afa73fcb1fce4cb4b65361a29bcbd, type: 2}
      propertyPath: m_Name
      value: Ship_03
      objectReference: {fileID: 0}
    - target: {fileID: 4990607877152018, guid: 6d7afa73fcb1fce4cb4b65361a29bcbd, type: 2}
      propertyPath: m_LocalScale.x
      value: 20.000021
      objectReference: {fileID: 0}
    - target: {fileID: 4990607877152018, guid: 6d7afa73fcb1fce4cb4b65361a29bcbd, type: 2}
      propertyPath: m_LocalScale.y
      value: 20
      objectReference: {fileID: 0}
    - target: {fileID: 4990607877152018, guid: 6d7afa73fcb1fce4cb4b65361a29bcbd, type: 2}
      propertyPath: m_LocalScale.z
      value: 20
      objectReference: {fileID: 0}
    - target: {fileID: 65651017678586340, guid: 6d7afa73fcb1fce4cb4b65361a29bcbd,
        type: 2}
      propertyPath: m_IsTrigger
      value: 0
      objectReference: {fileID: 0}
    m_RemovedComponents: []
  m_ParentPrefab: {fileID: 100100000, guid: 6d7afa73fcb1fce4cb4b65361a29bcbd, type: 2}
  m_IsPrefabParent: 0
